2485 3028
1188 146 1233 185 21

1090 196 1287 205 WVWN
1296 200 1309 205 ›.
1314 199 1334 204 ν

285 292 318 329 b.
346 304 382 340 g.
410 293 439 340 I,
466 292 529 339 46,
558 292 594 329 3.
648 291 740 329 Nam
764 292 842 330 etsi
874 292 953 330 sinc
984 292 1058 330 ullo
1084 291 1250 340 periculo
1282 291 1435 340 legionis
1467 292 1635 331 delectae
1667 304 1748 331 cum
1781 292 1945 341 equitatu
1977 294 2155 343 proelium
2181 294 2260 333 sore

156 341 320 390 videbat,
360 347 484 380 tamen
510 342 803 380 committendum
828 354 901 380 non
929 344 1092 403 putabat,
1134 348 1173 380 ut
1197 343 1338 391 pulsis
1364 343 1565 382 hostibus
1592 344 1687 381 dici
1683 349 1817 393 posset
1843 356 1921 382 eos
1946 344 2090 393 (hostes
2115 347 2258 394 pulsos)

156 394 209 432 ab
235 405 277 433 se
303 405 370 444 per
394 393 505 432 fidem
530 394 567 432 in
595 394 774 443 colloquio
801 405 883 433 esse
908 394 1182 433 circumventos.

223 469 225 471 ·
285 446 486 493 b.g.111‚
523 445 582 494 14,
615 446 651 483 4.
710 446 920 484 Turribus
958 451 1080 484 autem
1113 446 1324 484 excitatis
1354 451 1479 484 tamen
1503 446 1590 484 has
1622 446 1776 485 altitudo
1809 447 1986 496 puppium
2021 459 2067 486 ex
2095 448 2258 487 barbaris

156 498 316 536 navibus
341 497 551 545 superabat.

284 548 318 585 Ι).
347 559 384 595 g.
410 548 472 595 IV,
501 548 563 596 21,
590 549 626 585 6.
680 548 820 592 Quibus
845 548 978 586 auditis
1004 549 1080 598 (leg
1081 548 1168 598 atis)
1193 549 1389 586 liberaliter
1407 549 1590 597 pollicitus
1604 549 1859 608 hortatusque,
1887 554 1927 587 ut
1951 551 1989 587 in
2014 562 2061 587 ea
2078 552 2260 588 sententia

158 603 428 662 permanerent,
458 599 533 638 eos
559 598 735 649 (legatos)
762 598 908 638 domum
933 599 1090 639 remittit.
1111 621 1162 630 -—
1180 600 1238 638 An
1264 604 1394 648 putant
1415 600 1654 660 grammatici,
1664 600 1867 640 Caesarem
1886 605 2009 639 mente
2025 605 2136 650 atque
2162 603 2259 650 cogi-

156 653 299 691 afflone
336 662 407 689 sua
438 651 553 689 istam
592 652 781 700 periodum
820 652 1018 701 complecti
1051 665 1123 689 non
1162 652 1323 700 potuisse
1354 657 1392 689 et
1422 664 1465 690 se
1496 652 1614 700 ipsis
1604 657 1830 691 excusatum
1863 654 2036 702 voluisse,
2077 653 2175 702 quod
2207 655 2259 692 ita

155 702 371 752 scripserit?
423 702 482 739 Ad
508 714 584 750 eos,
613 714 704 750 quos
731 703 853 741 adhuc
877 703 1010 752 protnli
1036 704 1147 750 locos,
1176 704 1213 740 hi
1238 714 1381 750 quoque
1409 703 1495 740 addi
1514 708 1692 751 possunt:

284 753 319 792 b.
343 765 381 802 g.
410 754 453 802 V,
480 753 518 802 4,
545 755 581 792 3.
728 754 841 793 nihilo
872 759 995 792 tanen
1022 755 1139 793 secius
1172 755 1449 803 principibus
1475 755 1705 792 Trevirorum
1737 754 1785 791 ad
1818 766 1859 792 se
1886 757 2146 795 convocatis
2180 757 2257 795 hos

154 806 372 854 singillatim
399 805 621 853 Cingetorigi
648 806 865 844 conciliavit.

285 857 327 904 V,
355 856 417 929 ἐξ,
446 857 481 894 6.
534 857 625 902 Quo
653 868 863 905 percusso
890 861 927 894 et
953 858 1202 895 exanimato
1229 858 1342 894 hunc
1360 858 1471 894 scutis
1492 861 1698 905 protegunt,
1725 858 1762 894 in
1782 858 1921 895 hostem
1940 860 2032 896 tela
2059 861 2257 897 universi

155 908 357 947 con‘iciunt
389 908 416 956 ).

227 921 244 958 J
283 959 344 1006 VI,
371 960 408 1006 4,
434 959 471 996 4.
526 958 762 996 Obsidibus
789 959 1016 1007 imperatis
1043 960 1288 997 oentumhos
1315 958 1453 996 Aeduis
1479 957 1736 996 custodiendos
1764 959 1885 996 tradit.

284 1011 317 1048 b.
338 1022 369 1047 c.
389 1011 454 1056 ΙΙΙ,
483 1009 544 1057 21,
572 1010 608 1046 4.
662 1037 671 1046 .
687 1038 696 1047 .
713 1038 721 1046 .
750 1021 799 1047 eo
815 1010 981 1059 (Milone)
998 1012 1035 1047 in
1053 1011 1194 1048 Italiam
1213 1014 1400 1049 evocato
1429 1039 1437 1047 .
1454 1039 1462 1047 .
1479 1039 1488 1048 .
1516 1010 1584 1048 sibi
1602 1009 1789 1058 conjunxit
1805 1015 1916 1059 atque
1939 1022 2031 1048 eum
2056 1012 2253 1059 praemisit.

284 1062 318 1099 b.
346 1073 378 1099 c.
406 1062 470 1108 111,
512 1062 573 1110 93,
613 1063 650 1100 6.
707 1061 847 1099 Eodem
881 1062 1018 1110 impetu
1055 1062 1218 1101 cohortes
1250 1062 1431 1101 sinistrum
1459 1073 1577 1099 cornu·
1595 1062 1898 1110 pugnantibus
1929 1063 2061 1100 etiam
2093 1068 2179 1100 tum
2212 1070 2253 1101 et

159 1113 479 1152 resistentibus
505 1114 542 1150 in
569 1114 649 1151 acie
676 1114 959 1162 Pompejanis
986 1114 1235 1152 circumierunt
1261 1125 1423 1161 eosque
1449 1125 1475 1150 a
1499 1118 1603 1161 tergo
1628 1118 1714 1151 sunt
1740 1113 1870 1151 adorti.

285 1165 318 1204 b.
346 1176 378 1203 e.
406 1166 434 1213 I,
462 1165 524 1213 36,
551 1166 587 1203 5.
642 1164 807 1210 Quibus
834 1165 1013 1204 effectis
1038 1163 1305 1215 armatisque
1334 1164 1519 1215 (navibus)
1548 1165 1677 1203 diebus
1693 1165 1853 1213 triginta,
1881 1177 1905 1202 a
1931 1176 2005 1213 qua
2023 1165 2082 1203 die
2100 1167 2253 1204 materia

155 1228 274 1255 caesa
300 1222 367 1264 est,
396 1216 634 1264 adductisque
659 1217 858 1255 Massiliam
886 1218 954 1255 his
980 1219 1026 1255 D.
1055 1219 1202 1255 Brutum
1228 1217 1405 1267 praeficit.

282 1269 316 1306 b.
345 1280 376 1306 c.
404 1269 432 1316 I,
461 1268 522 1315 66,
550 1269 585 1306 6.
638 1268 761 1306 Media
787 1268 928 1307 circiter
953 1274 1060 1307 nocte
1085 1269 1140 1317 iis,
1167 1269 1226 1317 qui
1252 1268 1465 1316 adaquandi
1491 1279 1604 1306 causa
1623 1268 1768 1316 longius
1794 1279 1819 1305 a
1837 1268 1967 1306 castris
1985 1276 2251 1318 processerant,

159 1321 208 1357 ab
235 1320 413 1368 equitibus
440 1320 660 1368 correptis
686 1320 727 1356 fit
752 1320 805 1356 ab
833 1320 901 1357 his
928 1321 1068 1367 certior,
1096 1321 1207 1358 duces
1234 1320 1525 1358 adversariorum
1547 1320 1694 1357 silentio
1722 1320 1848 1367 copias
1876 1320 2003 1357 castris
2031 1320 2199 1358 educere.

284 1372 318 1409 b.
352 1383 382 1408 c.
415 1371 480 1419 ΙΙΙ,
515 1371 574 1419 53,
610 1372 647 1409 3.
705 1375 908 1419 scutoque
947 1371 997 1409 ad
1038 1383 1119 1409 eum
1158 1373 1298 1410 relato
1339 1371 1507 1409 Scaevae
1546 1371 1764 1409 centurionis
1802 1371 1953 1409 inventa
1992 1376 2074 1409 sunt
2120 1372 2162 1409 in
2203 1384 2251 1410 eo

156 1422 340 1459 foramina
366 1433 449 1458 cxx.
503 1422 558 1458 cf.
587 1423 621 1458 b.
648 1433 684 1468 g.
712 1423 741 1468 I,
768 1423 830 1468 40,
859 1424 900 1469 83
926 1423 987 1469 IV,
1020 1424 1077 1469 12,
1109 1426 1146 1469 1;
1192 1424 1224 1459 b.
1253 1435 1283 1460 c.
1310 1424 1358 1469 II,
1390 1424 1448 1467 19,
1477 1424 1512 1458 5.

281 1472 361 1511 Etsi
391 1484 465 1510 non
496 1472 532 1510 in
564 1472 693 1510 eodem
726 1473 911 1510 enuntiato
944 1472 1010 1511 sed
1035 1478 1158 1511 tamen
1189 1474 1224 1511 in
1256 1485 1333 1511 acc.
1368 1485 1399 1511 c.
1427 1472 1490 1509 inf.
1518 1472 1701 1520 pendente
1728 1484 1752 1509 a
1779 1473 1888 1510 verbo
1920 1473 2019 1510 finito
2051 1473 2252 1522 subjectum

154 1525 399 1562 ablativorum
425 1524 503 1561 abs.
530 1524 627 1561 idem
655 1535 736 1561 esse
764 1536 808 1561 ac
834 1525 934 1561 verbi
960 1525 1061 1569 finiti,
1088 1526 1289 1562 invenimus
1317 1525 1370 1562 his
1397 1525 1504 1562 locis.

281 1576 314 1613 b.
342 1587 378 1622 g.
406 1576 434 1622 Ι,
462 1575 524 1622 53,
554 1575 588 1613 7.
640 1576 678 1613 Is
704 1587 749 1613 se
775 1580 1010 1625 praesente
1042 1575 1089 1614 de
1115 1588 1156 1614 se
1182 1583 1236 1614 ter
1261 1576 1415 1614 sortibus
1442 1575 1644 1613 consultum
1672 1574 1826 1612 dicebat.

281 1627 314 1664 b.
342 1637 378 1673 g.
405 1627 449 1673 V,
478 1628 512 1673 7,
542 1628 576 1663 7.
629 1627 669 1663 Si
696 1628 766 1664 vim
794 1628 907 1664 saciat
931 1639 1049 1674 neque
1075 1634 1214 1676 pareat,
1242 1628 1391 1665 interfici
1413 1627 1520 1675 jubet
1548 1627 1590 1675 (Ι
1596 1626 1719 1675 aesar)
1748 1627 1835 1663 nihil
1862 1627 1957 1663 hunc
1984 1623 2032 1664 Se
2060 1627 2251 1664 absente

156 1691 225 1728 pro
252 1689 342 1716 sano
370 1678 587 1715 arbitratus.

282 1729 362 1776 VII,
394 1730 430 1776 6,
463 1730 499 1767 3.
553 1730 646 1766 Nam
687 1730 716 1767 si
757 1730 920 1777 legiones
959 1730 995 1766 in
1035 1731 1259 1778 provinciam
1300 1735 1514 1777 arcesserat,
1555 1741 1601 1767 se
1641 1729 1825 1766 absente
1865 1729 1901 1766 in
1942 1729 2067 1766 itinere
2112 1730 2251 1777 proelio

149 1781 391 1819 *dimicaturas
416 1780 653 1828 intelligebat.

281 1833 352 1868 Pro
384 1833 654 1879 pronominibus
685 1833 858 1869 adverbia
890 1833 976 1879 loci,
1017 1834 1145 1879 quibus
1182 1834 1384 1881 subjectum
1425 1833 1667 1870 ablativorum
1706 1832 1783 1869 abs.
1825 1832 2030 1878 resumitur,
2072 1832 2128 1869 his
2162 1832 2252 1870 locis

156 1882 400 1932 reperiuntur:

278 1934 311 1971 b.
340 1945 376 1981 g.
404 1934 431 1980 Ι,
460 1934 521 1981 38,
552 1935 585 1971 7.
640 1934 721 1972 Huc
747 1935 886 1972 Caesar
911 1934 1030 1982 magis
1056 1935 1240 1973 nocturnis
1273 1934 1480 1982 diurnisque
1512 1934 1698 1972 itineribus
1731 1932 1916 1970 contendit
1941 1937 2249 1982 occupatoque

149 1984 323 2034 oppido
350 1985 409 2021 ibi
435 1985 657 2033 praesidium
685 1986 851 2023 collocat.

284 2036 318 2072 b.
352 2047 387 2081 g.
422 2037 450 2081 Ι,
483 2036 545 2081 42,
578 2037 615 2072 5.
669 2037 1005 2073 Commodissimum
1047 2049 1128 2074 esse
1166 2038 1292 2075 statuit
1324 2036 1512 2084 (Caesar),
1551 2035 1747 2073 omnibus
1786 2036 1888 2082 equis
1916 2036 2034 2073 Gallis
2074 2036 2255 2083 equitibus

159 2084 383 2123 detractis
411 2096 460 2122 eo
489 2085 541 2135 (in
568 2086 686 2134 equis)
713 2087 931 2135 legionarios
956 2087 1087 2125 milites
1115 2087 1313 2135 deponere.

281 2137 342 2183 IV,
372 2138 431 2183 21,
462 2138 496 2175 7.
549 2138 625 2176 Eos
653 2137 828 2187 (legatos)
854 2138 998 2176 domum
1026 2139 1133 2177 mittit
1158 2143 1196 2177 et
1222 2151 1301 2177 cum
1321 2139 1363 2177 iis
1382 2150 1455 2176 una
1478 2138 1690 2185 Commium,
1718 2148 1825 2185 quem
1854 2137 1933 2186 ipse
1960 2136 2256 2175 Atrebatibus

152 2188 387 2236 superatis
414 2199 538 2235 regem
565 2189 623 2225 ibi
652 2189 705 2237 (ἰιι
731 2189 978 2237 Atrebatibus)
1005 2190 1253 2226 constituerat.

281 2239 479 2277 Praeterea
504 2251 577 2278 non
605 2241 713 2289 pauci
740 2245 930 2279 occurrunt
955 2240 1038 2288 loci,
1071 2240 1200 2289 quibus
1227 2251 1426 2291 pronomen
1452 2239 1772 2278 demonstrativum
1805 2249 1851 2276 ex
1878 2238 2051 2277 ablativis
2078 2238 2254 2277 absolutis

153 2288 415 2338 depromptum
443 2291 686 2338 supplendum
715 2297 781 2339 est,
808 2297 847 2329 ut
873 2303 1019 2329 sensus
1027 2292 1092 2329 fiat
1117 2292 1301 2340 perfectus
1329 2297 1439 2339 atque
1464 2293 1644 2339 expletus.

285 2341 433 2389 VI,43,
464 2343 497 2379 1.
550 2342 691 2380 Caesar
716 2354 840 2382 rursus
866 2342 914 2381 ad
941 2342 1129 2381 vexandos
1148 2343 1272 2381 hostes
1292 2342 1476 2392 profectus
1502 2353 1653 2389 magno
1681 2344 1836 2379 coacto
1863 2351 2043 2378 numero
2070 2341 2253 2390 (militum)

152 2402 208 2480 ξι(
239 2391 398 2492 finlifimis
432 2394 636 2431 civitatibus
668 2395 704 2431 in
736 2407 862 2433 omnes
895 2399 1018 2443 partes
1050 2394 1145 2444 (eos)
1178 2395 1334 2432 dimittit.
1388 2395 1443 2433 Of.
1471 2396 1548 2442 VlI,
1580 2395 1618 2438 4,
1655 2395 1692 2440 13
1732 2392 1811 2439 VII,
1841 2392 1902 2440 25,
1930 2393 1972 2439 3,
2014 2393 2092 2441 VII,
2122 2393 2182 2440 88,
2212 2394 2253 2438 2·

224 2454 245 2481 c
374 2445 499 2492 67,1.

284 2472 458 2534 Videmus
483 2496 591 2544 igitur
616 2508 690 2534 non
716 2509 854 2545 paucos
880 2497 981 2546 apud
1007 2497 1203 2535 Caesarem
1230 2499 1331 2536 locos
1359 2502 1514 2544 exstare,
1542 2496 1602 2544 qui
1629 2496 1703 2544 legi
1728 2507 1752 2534 a
1770 2495 2019 2544 grammaticis
2038 2496 2254 2534 constitutae

155 2551 381 2596 repugnent,
421 2547 519 2597 quod
546 2551 667 2586 autem
694 2549 921 2597 grammatici
948 2549 1080 2597 dicunt,
1120 2548 1318 2588 Caesarem
1345 2549 1533 2597 ingeniosa
1564 2547 1723 2596 quadam
1749 2547 1978 2595 negligentia
2010 2547 2045 2584 in
2072 2558 2252 2585 commen-

158 2598 261 2636 tariis
288 2599 559 2638 conscribendis
585 2611 690 2639 usum
716 2612 810 2649 esse,
838 2602 950 2650 plane
977 2613 1118 2640 errasse
1136 2601 1224 2639 mibi
1242 2600 1424 2649 videntur3
1452 2600 1624 2638 orationis
1643 2600 1739 2638 enim
1759 2598 2032 2649 perspicuitate,
2060 2598 2252 2647 gravitate,

286 2712 321 2752 ιἵ)
343 2713 516 2745 Consimilis
538 2718 586 2745 est
606 2714 658 2745 hic
677 2715 765 2746 loeus
785 2714 1262 2754 Xenophontem:Anab.1,4‚
1287 2716 1334 2745 12.
1397 2738 1405 2746 .
1432 2704 1494 2742 καὶ
1518 2701 1586 2742 οὐκ
1605 2701 1782 2765 ἔμειν’
1767 2705 1878 2748 ιε’·ναι,
1905 2701 1971 2740 &av
1989 2701 2041 2752 μή
2060 2716 2113 2745 τις
2130 2699 2256 2744 αὐτοῖς

150 2752 331 2803 ,χρήματα
363 2756 467 2805 διδῷ,
503 2766 627 2806 ωσπερ
661 2761 736 2799 τοῖς
771 2759 968 2806 προτέροις
1002 2770 1097 2805 μετα
1130 2757 1257 2805 Κύρου
1297 2755 1457 2804 αναβᾶσι
1486 2755 1589 2804 παρά
1621 2755 1693 2792 ‘criu
1727 2758 1872 2803 πατέρα
1905 2755 1975 2791 τοῦ
2011 2754 2071 2790 Κ
2071 2767 2152 2802 ρον,
2192 2753 2255 2789 καὶ

158 2805 277 2843 ταῦτα
303 2819 371 2845 ουκ
394 2807 461 2845 ἐπὶ
485 2807 611 2859 μάχην
638 2807 818 2856 ἰόντων,
846 2807 944 2847 αλλοὶ
969 2810 1169 2851 καλοῦντος
1195 2809 1261 2846 τοῦ
1286 2808 1426 2858 πατρός
1452 2808 1588 2856 Κῦρον.

2011 2867 2057 2903 3&
