2485 3028
1239 131 1259 168 7

201 276 311 325 hujus
343 277 518 314 enuntiati
550 282 607 314 est
637 276 839 325 subjectum
873 277 1148 324 grammaticum
1182 277 1260 313 sive
1292 275 1462 322 logicum.
1515 277 1719 312 Pronomen
1755 274 1966 312 reflexivum
2001 276 2095 311 enim
2124 276 2305 323 significat

202 327 472 366 cohaerentiam
507 331 618 376 atque
649 327 955 377 propinquitatem
989 327 1173 376 quandam
1206 327 1266 364 vel
1293 326 1423 363 mentis
1456 326 1515 363 vel
1547 327 1618 364 loci
1644 326 1738 363 inter
1764 337 1830 363 eas
1857 337 1927 374 res,
1968 337 2063 374 quae
2091 328 2306 375 pronomine

201 379 394 427 reflexivo,
435 384 475 417 nt
512 380 565 417 ita
604 378 741 426 dicam,
782 379 1065 427 conjunguntur,
1106 378 1204 427 quod
1243 379 1418 427 imprimis
1457 379 1577 416 elucet
1616 390 1663 416 ex
1702 378 1746 416 iis
1786 378 1893 425 locis,
1935 379 2063 426 quibus
2102 390 2304 427 pronomen

201 430 414 468 reflexivum
454 429 505 467 ad
544 429 725 479 objectum
766 431 917 467 euntiati
955 430 1118 475 refertur,
1159 442 1251 477 quos
1285 429 1364 477 jam
1406 440 1518 476 supra
1557 430 1782 477 protulimus.
1848 429 1888 467 Si
1921 429 2068 476 quando
2100 441 2146 466 ex
2183 431 2304 467 animo

201 482 360 519 auctoris
385 481 638 529 propinquitas
664 482 861 527 evanescit,
890 481 922 518 si
947 482 1093 527 quando
1120 481 1323 528 subjectum
1351 480 1526 516 enuntiati
1552 481 1711 527 primarii
1739 484 1795 517 est
1821 481 1855 517 ei
1881 491 2041 527 persona
2059 481 2228 517 remotior
2254 481 2301 517 ab

201 532 335 580 animo,
375 532 488 619 hanefi
504 542 648 579 quoque
674 542 869 579 personam
896 542 1095 580 pronomen
1123 530 1445 569 demonstrativum
1479 531 1560 578 „is“
1590 530 1818 579 significat-¹²).
1872 530 1948 569 Sed
1977 531 2098 568 allatis
2125 532 2305 580 exemplis

200 594 260 621 res
286 583 439 621 lucidior
490 588 542 619 et:

324 635 358 671 b.
386 647 422 681 g.
450 635 479 677 Ι,
507 636 543 679 ὃ,
570 634 607 669 4.
660 633 889 671 Persuadent
916 634 1106 682 (Helvetii)
1138 634 1305 671 Rauricis
1337 636 1374 670 et
1405 633 1570 679 Tulingis
1603 637 1639 669 et
1665 633 1847 670 Latovicis
1879 633 2049 680 finitimis,
2091 634 2142 670 uti
2173 634 2303 671 eodem

201 686 256 724 usi
285 685 435 723 consilio
462 684 607 733 oppidis
633 685 708 722 suis
735 685 896 732 vicisque
923 684 1061 722 exustis
1087 696 1161 721 una
1188 696 1269 721 cum
1296 683 1353 721 iis
1381 682 1592 733 (Helvetiis)
1621 683 1907 731 proficiscantur.

322 738 357 773 b.
385 749 421 783 g.
449 737 479 782 I,
507 737 543 782 6,
573 736 607 772 3.
662 736 918 783 Allobrogibus
949 747 1033 773 sese
1065 737 1124 772 vel
1157 747 1415 783 persuasuros,
1456 735 1554 781 quod
1586 735 1746 771 nondum
1781 736 1874 772 bono
1906 737 2027 772 animo
2059 737 2095 772 in
2129 737 2303 784 populum

199 788 402 824 Romanum
430 785 649 833 viderentur,
691 787 971 824 existimabant
998 785 1188 835 (Helvetii)
1222 787 1282 823 vel
1317 786 1351 822 vi
1386 792 1587 832 coacturos,
1627 789 1667 821 ut
1700 796 1766 833 per
1799 797 1886 822 suas
1914 786 2183 834 (Allobrogum)
2212 787 2303 823 fines

200 850 277 877 eos
304 837 526 887 (Helvetios)
553 838 606 876 ire
632 837 893 887 paterentur6).
945 849 951 859 ·

324 890 358 925 b.
386 900 421 936 g.
450 890 478 936 1,
509 890 568 935 ll,
596 890 631 925 3.
774 890 918 936 legatos
950 888 999 924 ad
1026 889 1221 925 Caesarem
1256 889 1401 924 mittunt
1433 893 1598 934 rogatum
1634 888 1807 923 auxilium
1836 888 2004 936 (Aedui):
2044 891 2101 925 Ita
2133 901 2173 926 se
2205 890 2303 925 omni

199 944 363 989 tempore
390 940 437 977 de
465 941 601 988 populo
628 941 793 977 Romano
822 940 968 977 meritos
995 951 1089 986 esse,
1118 945 1156 976 ut
1182 951 1302 988 paene
1328 939 1364 976 in
1393 944 1590 987 conspectu
1616 939 1796 976 exercitus
1823 940 1965 976 nostri
1991 939 2193 988 (Caesaris)
2223 940 2302 988 agri

199 992 348 1039 vastari,
377 991 478 1027 liberi
505 1002 650 1027 eorum
679 990 922 1039 (Aeduorum)
949 991 986 1027 in
1013 991 1219 1027 servitutem
1247 990 1391 1037 abduci,
1420 990 1558 1038 oppida
1585 991 1786 1037 expugnari
1815 1002 1886 1026 non
1914 991 2151 1039 debuerint7).

321 1042 357 1080 b.
386 1054 417 1079 c.
445 1043 509 1090 III,
539 1043 598 1090 75,
628 1043 663 1080 2.
719 1071 727 1079 .
744 1072 753 1079 .
770 1070 778 1079 .
807 1042 965 1089 reliquas
993 1040 1187 1091 (legiones)
1215 1070 1223 1079 .
1241 1071 1275 1079 ..
1305 1041 1433 1079 eodem
1465 1042 1592 1078 itinere
1619 1041 1807 1090 praemisit
1834 1053 2020 1090 parvoque
2048 1043 2165 1091 spatio
2194 1043 2301 1080 inter—

198 1095 322 1140 misso,
351 1095 441 1140 „ut“
469 1099 506 1129 et
530 1095 687 1129 militare
714 1093 914 1129 institutum
942 1098 1149 1129 servaretur
1174 1098 1210 1129 et
1236 1105 1346 1139 quam
1367 1094 1549 1129 serissime
1576 1093 1890 1140 ejus(Caesaris)
1910 1094 2085 1140 profectio
2105 1106 2299 1140 cognosce-

197 1149 297 1181 retur
324 1143 365 1191 (a
391 1143 596 1192 Pompejo),
625 1144 845 1180 conclamari
868 1143 979 1191 jussit
1004 1142 1188 1191 (Caesar).

319 1196 375 1231 De
403 1195 457 1242 iis,
498 1206 589 1242 quos
615 1194 723 1230 modo
753 1195 894 1242 protuli,
934 1194 1024 1231 locis
1051 1199 1087 1230 et
1114 1194 1207 1230 haec
1233 1194 1303 1231 diei
1331 1199 1499 1241 possunt:
1540 1192 1773 1231 Perdifficilis
1805 1199 1861 1230 est
1893 1194 2072 1231 interdum
2101 1194 2293 1240 distinctio,

197 1250 314 1283 utrum
343 1252 382 1283 ut
408 1247 555 1283 finalem
584 1258 632 1283 an
659 1246 927 1283 consecutivam
956 1246 1026 1282 vim
1055 1245 1201 1293 habeat,
1228 1251 1266 1282 ut
1293 1257 1408 1293 penes
1436 1250 1619 1283 auctorem
1648 1247 1695 1283 sit
1721 1245 1829 1282 modo
1858 1245 1924 1283 has
1953 1245 2059 1282 modo
2088 1246 2170 1283 illas
2201 1246 2300 1283 vices

197 1297 440 1345 conjunctioni
467 1298 556 1343 „ut“
584 1297 791 1333 attribuere.
845 1296 887 1333 Id
913 1296 989 1332 fieri
1018 1308 1128 1343 posse
1155 1297 1191 1332 in
1218 1297 1353 1333 verbis:
1395 1297 1612 1343 permittere,
1642 1298 1874 1342 committere,
1905 1308 2047 1343 cogere,
2075 1298 2299 1344 persuadere

195 1348 288 1385 inter
326 1348 585 1395 grammaticos
628 1352 780 1395 constat,
823 1352 858 1385 et
897 1352 980 1385 sunt
1020 1347 1056 1384 hi
1096 1347 1166 1385 loci
1207 1346 1394 1395 ejusmodi,
1437 1351 1476 1384 ut
1508 1347 1554 1384 de
1586 1347 1620 1384 vi
1650 1347 1884 1385 consecutiva
1913 1347 2174 1396 conjunctionis
2210 1349 2299 1395 „ut“

194 1399 344 1445 eogitari
371 1399 497 1445 possit.
551 1398 658 1441 Quod
684 1399 842 1434 maxime
869 1404 1025 1445 apparet
1050 1409 1096 1434 ex
1124 1399 1158 1434 b.
1186 1409 1221 1443 g.
1250 1400 1277 1443 I,
1309 1399 1367 1443 11,
1395 1399 1430 1434 3.

318 1449 439 1486 Etiam
472 1449 632 1497 reliquis,
666 1459 758 1496 quos
792 1449 1012 1496 enumeravi,
1053 1448 1143 1486 loeis
1176 1448 1210 1485 in
1244 1449 1332 1496 „ut“
1372 1449 1642 1486 consecutivam
1676 1449 1747 1485 vim
1781 1449 1900 1486 inesse
1935 1460 2055 1497 posse,
2097 1460 2142 1486 ex
2176 1449 2295 1486 verbis

194 1500 428 1548 persuadere,
458 1511 589 1547 cogere
617 1500 781 1547 efficitur,
817 1500 854 1537 id
881 1500 978 1546 quod
1011 1500 1119 1536 etiam
1148 1500 1334 1536 Kranerus
1368 1500 1671 1537 animadvertisse
1699 1501 1782 1536 mihi
1812 1501 1965 1546 videtur,
1999 1501 2029 1536 si
2062 1506 2196 1536 rectum
2226 1506 2291 1547 est,

194 1550 293 1598 quod
318 1551 520 1588 Eichnerus
547 1551 570 1587 l.
599 1551 623 1587 l.
653 1551 767 1599 partis
794 1551 829 1588 II
862 1551 999 1599 pagina
1031 1551 1076 1588 15
1109 1550 1211 1587 dicit:
1259 1550 1378 1597 „Sehr
1409 1551 1541 1598 richtig
1572 1550 1740 1587 bemerkt
1766 1551 1911 1587 Kraner
1944 1562 1987 1586 zu
2021 1550 2141 1587 dieser
2168 1551 2294 1597 Stelle,

194 1602 293 1650 dass,
328 1614 435 1639 wenn
470 1606 557 1639 statt
589 1602 812 1650 persuadent
843 1602 998 1640 suadent
1030 1602 1174 1649 stande,
1209 1602 1304 1639 auch
1336 1613 1463 1639 secum
1497 1602 1627 1639 stehen
1661 1602 1821 1639 wurde“.
1879 1603 1999 1649 „Per“
2033 1603 2126 1639 enim
2160 1602 2296 1640 indicat

193 1664 268 1690 rem
302 1654 482 1700 effectam,
525 1664 633 1701 quam
675 1653 811 1701 aliquid
852 1653 1092 1700 consequitur.
1161 1654 1199 1690 Si
1240 1654 1348 1700 igitur
1378 1664 1536 1701 persona
1576 1654 1758 1700 quaedam
1799 1659 1863 1690 aut
1902 1659 2028 1690 auctor
2060 1654 2139 1701 ipse
2179 1655 2295 1701 magis

315 1765 338 1805 ⁵)
358 1765 450 1796 Haud
472 1765 515 1795 ita
536 1765 669 1795 dilucide
691 1774 728 1795 ea
749 1764 787 1795 de
809 1773 843 1795 re
858 1765 1030 1795 Eichnerus
1052 1765 1072 1795 1.
1095 1765 1114 1795 1.
1136 1773 1206 1803 pag.
1224 1767 1261 1795 13
1277 1764 1424 1803 disputat:
1447 1765 1546 1795 Unter
1568 1764 1651 1795 diese
1667 1766 1727 1795 Art
1747 1774 1804 1795 von
1818 1766 1930 1796 Satzen
1946 1765 2080 1803 gehoren
2096 1765 2199 1795 ferner
2215 1766 2293 1795 noch

192 1807 261 1838 eine
282 1816 388 1846 grosse
410 1806 532 1837 Anzahl
554 1806 685 1844 solcher,
718 1806 750 1837 in
777 1805 876 1837 denen
899 1805 1069 1837 Gedanken
1091 1806 1176 1837 eines
1198 1806 1356 1845 Subjectes
1378 1805 1571 1845 mitgetheilg
1605 1805 1655 1837 die
1676 1806 1978 1845 Riickbeziehungen
2000 1806 2057 1837 aus
2075 1805 2217 1837 dasselbe
2239 1807 2295 1836 mit

191 1848 261 1878 dem
281 1847 422 1878 Reflexiv
450 1848 590 1885 bewirkt,
623 1830 702 1877 doc’h
730 1847 814 1877 diese
840 1847 872 1876 in
899 1847 959 1876 den
986 1847 1101 1876 wieder
1127 1856 1187 1876 von
1215 1846 1321 1877 diesen
1348 1847 1542 1884 abhangigen
1571 1848 1684 1877 Satzen
1712 1848 1767 1877 mit
1794 1847 1862 1877 dem
1884 1848 2202 1893 Ptersonalpronomen
2224 1870 2244 1885 „
2237 1848 2294 1885 ‚is“

191 1888 368 1929 eingeleitet
395 1887 527 1919 werden.
575 1888 634 1919 Die
660 1888 752 1921 Satze
785 1887 853 1919 sind
885 1897 944 1919 von
971 1887 1093 1919 solcher
1119 1887 1383 1926 Beschaffenheit,
1416 1886 1486 1919 dass
1518 1896 1587 1918 vom
1619 1887 1851 1927 Hauptverbum
1886 1888 1936 1918 ein
1970 1888 2043 1918 Satz
2076 1887 2229 1935 abhangt,
2262 1888 2293 1919 in

189 1931 336 1960 welchem
358 1929 413 1959 das
424 1929 597 1967 Hauptsubj
601 1933 649 1959 eet
670 1924 725 1959 das
747 1929 907 1959 denkende
928 1929 979 1967 ist,
1001 1928 1072 1959 dass
1094 1929 1209 1959 diesem
1231 1929 1424 1966 abhangigen
1436 1929 1525 1959 Satze
1548 1930 1598 1958 ein
1620 1929 1752 1959 anderer
1766 1929 2006 1967 untergeordnet
2027 1930 2075 1966 ist,
2101 1930 2131 1959 in
2146 1930 2294 1960 welchem

190 1969 347 2000 entweder
377 1968 432 2000 das
458 1968 619 1999 denkende
647 1969 720 2008 Subj
723 1973 772 1999 ect
803 1968 858 1999 das
883 1968 1120 2008 grammatische
1146 1969 1253 2016 bleibt,
1290 1968 1364 1999 oder
1395 1968 1444 1998 ein
1475 1977 1571 1999 neues
1600 1969 1672 2007 SubJ'
1677 1973 1726 1998 eet
1759 1969 1887 1999 eintritt
1937 1970 1990 1999 Sin
2018 1977 2091 1999 vero
2119 1969 2294 2000 Eichnerus

189 2012 288 2051 partis
309 2010 340 2042 11
361 2020 431 2050 pag.
457 2013 495 2041 14
515 2010 630 2050 pergit:
662 2010 755 2042 Diese
777 2010 868 2042 Satze
889 2009 958 2041 siud
979 2010 1057 2041 eben
1079 2009 1139 2041 die
1126 2010 1264 2049 Jenigen‚
1297 2019 1354 2041 von
1382 2009 1517 2040 welchen
1540 2009 1591 2040 ich
1618 2010 1659 2040 im
1681 2010 1881 2050 allgemeinen
1905 2009 2014 2041 Theile
2037 2014 2133 2049 sagae,
2169 2010 2239 2042 dass
2262 2011 2292 2041 in

191 2053 286 2082 ihnen
307 2052 363 2082 der
384 2052 435 2081 bei
456 2051 516 2081 den
539 2051 694 2082 Griechen
716 2061 750 2081 so
772 2052 981 2089 gewohnliche
1003 2051 1290 2089 Sprachgebrauch‚
1313 2051 1368 2081 auf
1386 2051 1440 2081 das
1454 2051 1594 2081 Reflexiv
1615 2052 1645 2080 in
1668 2051 1810 2081 ferueren
1822 2052 2040 2089 Beziehungen
2062 2052 2118 2082 das
2130 2052 2291 2082 Personal-

190 2101 359 2133 pronomen
381 2091 484 2131 folgen
505 2101 545 2123 zu
565 2092 677 2132 lassen,
710 2092 789 2122 auch
810 2091 852 2122 im
872 2091 985 2122 Latein
1011 2091 1077 2122 sich
1098 2091 1294 2123 nachweisen
1315 2092 1405 2130 lasse,
1434 2101 1495 2122 non
1516 2091 1668 2131 intellige,
1700 2101 1762 2130 qua
1783 2091 1821 2122 de
1843 2101 1936 2122 causa
1957 2092 2038 2122 hanc
2060 2096 2157 2122 totam
2178 2092 2293 2131 disqui-

190 2135 331 2166 sitionem
354 2133 530 2164 instituerit.

310 2173 335 2214 ⁶)
355 2173 515 2205 Kranerus
541 2173 580 2205 ad
608 2174 690 2204 hune
717 2174 815 2204 locum
846 2172 984 2204 adnotat:
1013 2173 1070 2204 Die
1092 2173 1264 2204 Rucksicht
1284 2173 1340 2204 auf
1359 2173 1406 2203 die
1428 2172 1639 2204 Deutlichkeit
1666 2173 1745 2203 nach
1768 2173 1837 2204 dem
1859 2182 2155 2213 vorangegangenen
2178 2176 2290 2213 „suos“

189 2216 379 2247 veranlasste
400 2215 478 2254 hier,
500 2225 560 2246 von
582 2215 638 2246 der
657 2216 755 2254 Regel
776 2215 1007 2253 abzuweichen3
1030 2214 1257 2253 gewohnlicher
1278 2214 1353 2246 wird
1374 2214 1405 2245 in
1428 2214 1541 2246 diesem
1564 2214 1650 2245 Falle
1673 2215 1738 2253 ipse
1762 2215 1942 2253 gebraucht.

311 2256 336 2294 ⁷)
359 2256 530 2286 Eichnerus
552 2257 572 2286 l.
594 2257 614 2286 1.
636 2257 733 2294 partis
755 2257 785 2286 II
808 2265 876 2294 pag.
900 2258 938 2285 12
959 2256 1003 2285 ita
1024 2256 1106 2285 hunc
1128 2256 1229 2285 locum
1251 2256 1347 2285 eruit:
1370 2256 1484 2285 Traten
1506 2256 1536 2284 in
1557 2256 1644 2285 einer
1657 2256 1743 2286 Rede
1759 2256 1916 2287 Gesandte
1938 2257 1984 2286 als
2006 2257 2056 2287 die
2078 2257 2290 2295 sprechenden

189 2297 346 2329 Personen
368 2296 430 2337 auf,
452 2306 486 2329 so
508 2297 660 2337 sprachen
682 2297 726 2329 sie
748 2296 940 2336 gewohnlich
960 2296 1001 2327 im
1022 2296 1142 2327 Namen
1164 2295 1218 2328 des
1240 2296 1285 2328 sie
1307 2295 1523 2328 absendenden
1539 2296 1653 2327 Volkes
1674 2295 1737 2326 und
1760 2296 1809 2328 die
1825 2296 2092 2337 Rflckbeziehung
2112 2297 2188 2328 wird
2210 2297 2291 2328 daun

189 2339 246 2370 auf
269 2339 313 2370 sie
340 2339 403 2369 und
430 2338 487 2369 auf
512 2338 567 2369 das
589 2339 670 2369 Volk
698 2338 794 2369 durch
822 2338 878 2369 das
899 2337 1038 2369 Reflexiv
1064 2338 1204 2377 bewirkt,
1237 2339 1295 2369 soll
1322 2338 1398 2369 aber
1424 2338 1491 2368 ihre
1513 2338 1628 2368 Person
1657 2347 1715 2368 von
1744 2338 1800 2368 der
1829 2338 1884 2369 des
1907 2339 2086 2370 Absenders
2108 2339 2293 2378 geschieden

189 2379 322 2418 werden,
355 2388 389 2410 so
410 2379 486 2409 wird
508 2379 564 2410 auf
582 2379 631 2409 die
654 2379 831 2410 Gesandten
860 2379 906 2410 als
933 2378 990 2409 auf
1007 2378 1057 2409 die
1079 2382 1169 2417 erste,
1202 2378 1252 2409 die
1275 2378 1464 2417 sprechende
1487 2379 1600 2409 Person
1622 2379 1677 2408 mit
1699 2379 1768 2408 dem
1790 2378 1940 2418 Reflexiv,
1974 2380 2031 2410 auf
2048 2380 2108 2409 den
2131 2380 2293 2410 Absender

188 2420 265 2451 aber
290 2420 337 2451 als
363 2420 419 2451 auf
443 2420 493 2450 die
523 2420 617 2451 dritte
644 2420 700 2451 mit
726 2419 795 2450 dem
821 2420 1137 2458 Personalpronomen
1164 2419 1232 2457 ,‚is“
1261 2419 1335 2450 oder
1363 2419 1422 2449 den
1444 2419 1709 2450 Demonstrativen
1736 2419 1818 2459 ‚,hic‚
1851 2420 1924 2451 ille“
1954 2420 2172 2459 hingewiesen.
2215 2420 2292 2451 Ibid.

188 2471 260 2501 pag.
285 2463 332 2492 13.
374 2461 434 2492 Die
461 2461 619 2491 bittenden
642 2460 819 2492 Gesandten
845 2460 901 2491 der
921 2460 1046 2491 Aeduer
1071 2459 1276 2491 identificiren
1303 2460 1369 2491 sich
1398 2461 1428 2490 in
1456 2461 1530 2498 „se“
1557 2460 1612 2490 mit
1639 2460 1738 2490 ihrem
1769 2461 1878 2500 Volke,
1912 2461 2011 2500 geben
2037 2462 2113 2492 aber
2142 2462 2171 2491 in
2203 2461 2293 2492 liberi

190 2511 294 2533 eorum
322 2502 389 2533 blos
416 2501 466 2532 die
488 2502 667 2541 Beziehung
693 2501 749 2533 auf
773 2501 824 2532 die
845 2501 979 2541 Aeduer,
1012 2501 1099 2531 nicht
1124 2500 1179 2532 auf
1207 2501 1275 2532 ihre
1297 2501 1406 2548 eignen
1429 2500 1553 2539 Kinder,
1586 2510 1673 2531 wenn
1702 2501 1747 2532 sie
1769 2502 1885 2532 welche
1908 2503 2025 2532 hatten.
2068 2502 2147 2532 Mihi
2169 2502 2293 2540 quidem

189 2553 250 2574 non
273 2544 383 2583 elucet,
406 2552 503 2582 quare
524 2544 617 2582 legati
639 2553 711 2575 suos
732 2542 847 2574 liberos
875 2552 915 2573 ex
937 2525 1044 2573 ea’dem
1066 2542 1240 2573 calamitate
1263 2543 1470 2581 servituteque
1493 2548 1649 2581 exemptos
1672 2552 1739 2573 esse
1762 2543 1875 2582 sciant3
1904 2544 2068 2582 alioquin,
2071 2545 2209 2582 ,eorum“
2231 2554 2291 2575 non

189 2585 288 2614 solum
315 2584 354 2613 ad
381 2584 514 2622 ‚,liberi“
540 2584 595 2614 sed
621 2585 714 2614 etiam
740 2583 780 2613 ad
807 2583 921 2622 oppida
947 2583 1140 2613 referendum
1177 2592 1255 2621 esse,
1288 2588 1523 2613 consentancum
1554 2589 1609 2621 est,
1642 2592 1721 2629 quae
1749 2584 1864 2622 oppida
1892 2584 2030 2622 profecto
2058 2585 2149 2614 etiam
2179 2585 2292 2622 oppida

188 2624 360 2664 legatorum
382 2628 468 2663 sunt3
495 2633 557 2664 qua
577 2633 611 2655 re
632 2624 773 2663 efficitur,
799 2624 848 2655 his
868 2623 972 2655 verbis
993 2623 1180 2654 Eichnerum
1201 2623 1284 2654 hunc
1306 2624 1405 2654 locum
1427 2633 1486 2653 non
1507 2627 1589 2653 recte
1612 2623 1738 2662 eruisse,
1769 2624 1851 2663 quod
1873 2625 1938 2663 ipse
1960 2624 2094 2655 sentiens
2117 2624 2290 2655 Eichnerus

189 2665 263 2697 ibid.
314 2675 361 2705 ag.
393 2668 431 2697 14
458 2666 496 2697 de
525 2666 633 2697 eodem
659 2667 728 2697 loco
750 2665 936 2697 Caesariano
957 2666 1074 2705 pergit.
1107 2665 1184 2696 Hier
1212 2666 1252 2697 ist
1278 2675 1334 2697 aus
1361 2665 1428 2696 dem
1451 2664 1733 2704 Vorhergehenden
1754 2666 1850 2697 leicht
1870 2666 1925 2697 das
1946 2666 2081 2705 logische
2104 2666 2177 2705 Subj
2181 2671 2230 2697 eet
2251 2666 2290 2697 ab

189 2706 340 2737 Helvetiis
360 2707 473 2738 abduci
493 2717 532 2736 zu
554 2710 716 2745 erganzen.
760 2707 870 2737 Dieser
892 2707 964 2737 Satz
984 2706 1080 2736 findet
1101 2706 1184 2736 seine
1196 2706 1412 2744 Verwendung
1434 2707 1501 2736 hier
1522 2706 1669 2744 richtiger
1690 2707 1736 2737 als
1757 2707 1846 2745 oben,
1868 2708 1937 2737 weil
1958 2708 2027 2737 hier
2048 2707 2098 2737 die
2112 2707 2287 2738 Gesandten

189 2746 271 2778 auch
295 2746 328 2777 in
354 2746 424 2778 dem
445 2748 535 2779 Satze
562 2747 617 2778 mit
644 2747 719 2787 „ut“
746 2746 802 2778 mit
829 2747 928 2778 ihrem
949 2747 1060 2786 Volke,
1092 2746 1150 2777 den
1172 2746 1318 2777 Aeduern
1347 2746 1522 2777 identificirt
1550 2746 1672 2777 bleiben
1699 2746 1762 2777 und
1790 2757 1895 2778 eorum
1925 2756 2028 2786 wegen
2057 2747 2112 2779 des
2134 2748 2290 2787 logischen

190 2787 331 2827 SubJects
353 2793 472 2826 gesetzt
492 2788 576 2819 wird.
