2485 3028
168 724 718 803 Observationes
779 728 1281 824 grammaticae
1333 723 1682 822 quaedam
1742 728 1816 798 in
1870 725 2267 802 Caesarem.

295 1005 468 1075 Legenti
508 1028 595 1064 mihi
635 1041 715 1065 cum
756 1030 943 1077 discipulis
983 1029 1096 1065 hocce
1142 1041 1239 1066 anno
1279 1030 1450 1066 Caesaris
1491 1031 1768 1066 commentarios
1804 1030 1884 1078 jam
1926 1030 2050 1078 primis
2091 1032 2270 1079 capitibus

174 1079 344 1131 permulti
377 1085 609 1117 occurrerunt
642 1081 723 1128 loci,
763 1080 891 1128 quibus
923 1079 1063 1118 Caesar
1099 1092 1122 1117 a
1153 1081 1305 1129 legibus,
1346 1092 1438 1128 quas
1472 1085 1617 1118 nostrae
1650 1081 1846 1118 memoriae
1879 1082 2106 1129 grammatici
2140 1084 2270 1121 consti-

171 1136 320 1170 tuerunt
358 1135 469 1176 atque
509 1131 873 1178 circumscripserant,
915 1136 951 1168 et
989 1132 1035 1168 ab
1067 1132 1198 1169 usitato
1230 1144 1366 1179 genere
1397 1132 1540 1168 dicendi
1573 1132 1745 1168 secedere
1779 1132 1931 1168 videtur.
1990 1133 2112 1176 Quare
2144 1146 2270 1170 omnes

174 1180 382 1234 hujusmodi
415 1181 516 1220 locos
551 1181 740 1231 colligere,
780 1180 962 1231 digerere,
1003 1193 1219 1231 percensere
1251 1182 1338 1221 mihi
1378 1182 1566 1232 proposui,
1607 1187 1648 1220 ut
1681 1182 1768 1221 certi
1800 1182 1937 1231 aliquid
1969 1182 2157 1233 discipulis
2188 1197 2267 1223 eum

174 1236 224 1273 de
250 1245 385 1282 genere
412 1233 558 1270 dicendi
586 1239 659 1270 tum
687 1234 733 1270 de
759 1235 909 1281 legibus·
925 1235 1171 1280 grammaticis
1199 1235 1431 1271 Caesarianis
1463 1235 1498 1270 in
1526 1235 1792 1271 commentariis
1819 1236 2100 1282 interpretandis
2126 1236 2271 1273 tradere

174 1296 334 1335 possem.
388 1284 444 1321 Ex
480 1295 550 1332 quo
583 1284 708 1322 labore
740 1295 783 1322 eo
816 1285 973 1333 majores
1005 1283 1143 1323 fructus
1170 1296 1303 1333 capere
1329 1284 1415 1322 mihi
1448 1284 1610 1331 videbar,
1651 1284 1748 1332 quod
1775 1285 1811 1322 in
1839 1285 2019 1323 tradenda
2045 1292 2124 1323 arte
2150 1299 2268 1334 gram-

176 1337 313 1374 matica
345 1335 477 1382 ubique
516 1335 565 1371 ad
598 1340 794 1381 auctorem,
834 1336 894 1381 qui
927 1336 960 1371 in
995 1336 1160 1372 manibus
1193 1341 1272 1372 erat
1303 1335 1501 1382 discipulis,
1543 1348 1727 1372 recurrere
1762 1337 1874 1383 potui.
1929 1337 2017 1373 Cum
2052 1342 2173 1373 autem
2205 1350 2269 1373 eos

174 1385 439 1436 grammaticae
479 1385 735 1435 paragraphos
775 1385 958 1434 docerem,
1000 1385 1060 1434 qui
1100 1391 1139 1423 ut
1178 1391 1260 1423 sunt
1298 1386 1348 1424 ad
1387 1386 1659 1435 intelligendum
1694 1386 1895 1424 difficillimi
1926 1387 1978 1424 ita
2011 1387 2269 1437 discipulorum

175 1439 358 1486 ingenium
387 1438 679 1485 intellectumque
707 1439 863 1475 maxime
890 1438 1053 1475 excitant
1070 1443 1180 1485 atque
1199 1444 1344 1485 acuunt,
1372 1439 1626 1486 paragraphos
1653 1438 1746 1484 dieo,
1774 1440 1834 1485 qui
1853 1446 1967 1485 agunt
1992 1440 2038 1476 de
2057 1442 2269 1487 pronomine

174 1489 351 1525 reflexivo
378 1493 415 1523 et
441 1488 487 1523 de
517 1489 624 1523 modo
652 1488 892 1536 conjunctivo,
932 1490 1128 1523 maximam
1156 1489 1381 1536 praebebant
1407 1489 1656 1524 difficultatem
1689 1489 1711 1524 ii
1739 1489 1809 1524 loci
1837 1489 2061 1537 Caesariani,
2101 1491 2159 1538 qui
2189 1501 2269 1526 cum

173 1541 271 1580 notis
297 1539 438 1590 legibus
465 1539 712 1589 grammaticis
739 1552 810 1579 non
838 1544 1048 1589 congruunt.
1104 1539 1226 1586 Quare
1254 1552 1316 1579 eos
1343 1541 1444 1579 locos
1471 1540 1646 1590 imprimis
1673 1553 1870 1590 aggressus
1898 1554 1976 1580 sum
2004 1548 2040 1580 et
2065 1543 2267 1591 percensui.

174 1594 251 1629 Sed
279 1593 564 1638 observationes,
592 1603 684 1638 quas
711 1592 782 1629 hac
807 1593 999 1628 occasione
1026 1592 1115 1628 data
1140 1593 1375 1638 institueram,
1404 1593 1465 1628 diu
1492 1598 1529 1628 et
1554 1593 1710 1628 fortasse
1738 1604 1882 1640 semper
1908 1594 1945 1629 in
1973 1594 2103 1630 scrinio
2122 1594 2269 1630 abditae

174 1645 408 1691 mansissent,
441 1643 508 1681 nisi
536 1643 622 1681 mihi
649 1642 756 1693 hujus
783 1642 1060 1693 programmatis
1087 1643 1247 1692 paginae
1274 1644 1524 1682 liberalissime
1554 1656 1753 1682 concessae
1788 1649 1920 1682 essent.
1975 1645 2014 1683 Si
2041 1645 2137 1693 quid,
2172 1645 2269 1693 quod

175 1708 329 1744 parvum
363 1706 445 1732 esse
477 1696 563 1742 scic,
605 1706 680 1742 eos,
721 1696 781 1742 qui
820 1695 1095 1732 commentarios
1128 1695 1298 1732 Caesaris
1334 1696 1625 1743 interpretantur,
1667 1696 1853 1744 adjuvero,
1896 1696 1981 1732 mihi
2015 1698 2103 1733 satis
2137 1697 2267 1734 fecisse

173 1747 337 1785 videbor.
392 1746 496 1785 Haec
522 1745 712 1795 praefatus
734 1746 812 1796 jam
840 1746 888 1784 ad
914 1757 988 1783 rem
1015 1745 1134 1795 ipsam
1162 1746 1310 1785 accedo.

1178 1880 1264 1929 §l-

300 1965 354 2000 Ac
387 1963 501 2011 primo
534 1962 678 2011 quidem
711 1963 792 1999 loco
827 1963 872 1999 de
905 1962 1116 2010 pronomine
1146 1962 1321 1999 reflexivo
1355 1973 1464 2010 agere
1496 1963 1582 2000 mihi
1615 1969 1670 2000 est
1701 1963 1737 1999 in
1770 1964 1901 2001 animo.
1956 1963 2106 2000 Summa
2134 1965 2194 2001 lex
2223 1964 2268 2001 de

174 2026 244 2052 usu
271 2014 492 2062 pronominis
519 2013 683 2050 reflexivi
712 2025 735 2049 a
761 2013 977 2050 doctissimis
1004 2018 1115 2060 atque
1141 2013 1389 2050 illustrissimis
1414 2014 1499 2050 viris
1527 2014 1722 2051 constituta
1748 2019 1859 2062 atque
1886 2015 2083 2052 enucleata
2108 2015 2165 2052 his
2192 2015 2268 2052 fere

173 2066 294 2105 verbis
322 2065 538 2104 continetur:

299 2118 502 2153 Pronomen
529 2117 740 2154 reflexivum
769 2115 949 2163 significat
972 2115 1165 2163 objectum,
1193 2127 1406 2163 quocunque
1433 2127 1521 2152 casu
1545 2116 1688 2163 obliquo
1708 2116 1921 2164 continetur,
1951 2128 2168 2165 quacunque
2188 2130 2267 2154 cum

174 2168 446 2218 praepositione
486 2169 713 2215 construitur,
753 2167 785 2205 si
824 2167 878 2205 vis
917 2166 1139 2215 effectusque
1178 2167 1280 2205 verbi
1320 2167 1471 2205 refertur
1501 2167 1549 2205 ad
1582 2167 1782 2216 subjectum
1817 2168 1981 2217 ejusdem
2017 2170 2204 2216 enuntiati,
2240 2171 2270 2207 si

171 2220 378 2270 subjectum
418 2223 528 2268 atque
568 2219 748 2270 objectum
789 2218 889 2256 verbi
928 2223 1011 2256 sunt
1048 2229 1122 2256 una
1161 2218 1363 2267 eademque
1401 2219 1478 2257 sive
1511 2229 1669 2268 persona
1706 2219 1784 2257 sive
1816 2230 1887 2258 res.
1946 2220 2060 2258 Porro
2094 2221 2201 2258 etiam
2234 2221 2269 2258 in

175 2272 373 2311 enuntiatis
400 2272 555 2320 obliquis
582 2283 783 2321 pronomen
806 2270 1018 2309 refiexivum
1045 2270 1192 2308 exhibet
1218 2270 1397 2319 objectum
1425 2284 1497 2309 non
1524 2272 1652 2317 solum,
1681 2271 1712 2309 si
1737 2271 1829 2309 illud
1856 2278 2001 2320 spectat
2028 2273 2077 2310 ad
2104 2273 2268 2320 ejusdem

176 2323 354 2360 enuntiati
381 2322 595 2371 subjeetum,
629 2322 696 2360 sed
722 2323 843 2369 etiam,
877 2322 908 2359 si
933 2321 1085 2358 refertur
1111 2321 1160 2357 ad
1186 2322 1386 2370 subjectum
1414 2322 1493 2370 ejus
1520 2322 1704 2369 enuntiati,
1733 2333 1757 2357 a
1783 2333 1855 2369 quo
1882 2322 2020 2371 pendet
2046 2324 2269 2360 enuntiatum

174 2374 372 2423 obliquum,
401 2374 432 2412 si
458 2374 684 2413 enuntiatum
711 2373 893 2421 obliquum
914 2385 959 2411 ex
976 2372 1108 2420 animo,
1136 2372 1182 2410 de
1209 2374 1399 2420 sententia,
1428 2385 1474 2410 ex
1493 2373 1689 2420 voluntate,
1719 2385 1765 2410 ex
1789 2375 2024 2422 cogitatione,
2052 2387 2100 2412 ex
2118 2376 2270 2413 consilio

172 2425 332 2475 subjecti
363 2426 565 2463 sententiae
598 2425 793 2475 primariae
825 2425 1008 2473 promitur.
1061 2425 1118 2460 Ea
1149 2424 1245 2460 enim
1278 2425 1464 2461 enuntiata
1495 2429 1568 2460 tam
1601 2428 1682 2461 arta
1714 2429 1863 2473 tamque
1896 2426 2067 2463 continua
2095 2427 2269 2474 congluti-

176 2478 325 2517 natione
357 2477 450 2516 inter
484 2489 524 2516 se
564 2478 772 2525 cohaerent,
813 2483 853 2515 ut
892 2476 1090 2526 subjectum
1132 2477 1307 2514 enuntiati
1347 2477 1504 2525 primarii
1542 2476 1811 2524 quodammodo
1849 2478 1896 2516 sit
1927 2478 2128 2527 subjectum
2162 2479 2269 2516 etiam

172 2529 352 2566 enuntiati
378 2529 596 2576 secundarii,
636 2528 778 2566 etiamsi
805 2540 878 2565 non
904 2528 1178 2575 grammaticum
1204 2528 1270 2564 sed
1297 2528 1453 2574 logicum
1480 2533 1612 2573 tamen,
1654 2528 1714 2563 vel
1740 2529 1862 2575 potius
1889 2540 2003 2566 causa
2029 2529 2203 2575 efficiens,
2233 2535 2270 2565 ut

174 2579 380 2630 subjectum
413 2580 588 2619 enuntiati
621 2577 826 2619 secundarii
857 2579 965 2628 quasi
995 2579 1267 2617 instrumentum
1301 2577 1484 2627 quoddam
1515 2578 1668 2628 subjecti
1700 2579 1879 2618 enuntiati
1911 2580 2071 2630 primarii
2103 2579 2271 2619 videatur

175 2644 271 2670 esse.
325 2634 488 2679 Itemque
520 2644 720 2680 pronomen
750 2631 963 2669 reflexivum
997 2631 1152 2678 „suum“
1184 2631 1315 2668 eadem
1347 2632 1486 2668 ratione
1518 2636 1723 2678 usurpatur,
1764 2633 1796 2668 si
1827 2644 1902 2669 rem
1930 2633 2271 2680 possessionemque

174 2682 314 2722 indicat
340 2682 492 2733 subjecti
520 2683 683 2734 ejusdem
711 2682 897 2731 enuntiati,
925 2687 988 2721 aut
1014 2683 1050 2721 in
1077 2681 1271 2721 enuntiatis
1298 2681 1462 2730 obliquis,
1490 2681 1521 2720 si
1547 2681 1700 2720 refertur
1726 2681 1777 2720 ad
1803 2682 2006 2733 subjectum
2033 2684 2219 2732 enuntiati,
2248 2695 2272 2721 a

174 2746 249 2781 quo
276 2735 414 2783 pendet
440 2736 662 2773 enuntiatum
690 2735 872 2781 obliquum
900 2735 962 2782 ita,
990 2739 1030 2771 ut
1061 2745 1172 2781 supra
1198 2734 1535 2771 demonstravimus.
1588 2733 1653 2771 sin
1679 2745 1768 2771 vero
1795 2735 1977 2783 objectum
2004 2736 2127 2782 aliam,
2162 2740 2271 2782 atque

173 2785 225 2822 de
251 2796 325 2832 qua
351 2796 463 2834 supra
490 2797 609 2824 sermo
636 2785 713 2834 fuit,
754 2796 949 2834 personam
981 2785 1041 2823 vel
1067 2796 1142 2822 rem
1168 2783 1317 2831 indicat,
1357 2784 1428 2822 hoc
1455 2783 1635 2833 objectum
1663 2796 1736 2822 non
1763 2786 1975 2834 pronomine
2002 2785 2178 2824 reflexivo
2205 2785 2271 2824 sed

175 2836 391 2885 pronomine
418 2836 703 2876 demonstrativo
743 2838 826 2886 „is“
852 2836 1090 2885 significatur,
1130 2836 1289 2884 itemque
1329 2847 1387 2874 res
1420 2836 1675 2885 possessioque
1715 2837 1809 2875 alius
1850 2849 2030 2887 personae
2070 2838 2273 2876 continetur

2027 2900 2048 2937 1
