2485 3028
1250 159 1276 195 9

1142 207 1334 215 „ww-ax*
1341 210 1349 215 ι
1361 210 1387 217 «Ᾰ

211 306 338 352 petur3
384 302 451 341 sed
484 301 667 351 significat
698 312 844 351 semper
874 313 1074 351 pronomen
1112 302 1243 351 „ipse“
1284 302 1550 351 oppositionem
1591 302 1776 351 quandam
1809 302 1903 339 inter
1934 302 2100 341 diversas
2140 314 2323 352 personas-

214 358 279 392 aut
303 354 404 393 illam
430 365 638 404 personam,
671 364 766 402 quae
793 359 939 403 praeter
964 359 1106 392 ceteras
1144 355 1180 392 in
1207 354 1371 392 oratione
1398 355 1605 403 praevalet3
1651 355 1711 392 ubi
1738 366 1795 402 ea,
1824 366 1919 402 quae
1953 354 2138 403 admonui,
2171 355 2315 402 desunt,

214 406 346 454 ,‚ipse“
372 416 493 452 neque
517 416 585 455 pro
612 405 705 452 „se“
731 416 849 452 neque
876 417 942 453 pro
969 406 1051 453 „is“
1079 406 1165 454 poni
1191 406 1288 442 licet.

337 466 372 504 b.
399 479 435 515 g.
456 467 492 514 Ἰ,
524 466 583 514 13,
610 466 646 503 5.
688 465 795 511 Quod
820 466 1017 515 improviso
1043 478 1152 504 unum
1180 478 1317 515 pagum
1337 466 1487 504 adortus
1514 471 1623 516 esset,
1652 479 1732 505 cum
1759 467 1796 514 ii,
1824 467 1885 515 qui
1911 466 2047 505 flumen
2073 467 2313 513 transiissent,

215 518 291 556 suis
323 518 501 555 auxilium
533 517 630 554 ferre
662 529 735 554 non
774 522 937 565 possent,
976 529 1023 554 ne
1062 519 1108 555 ob
1148 529 1229 555 eam
1268 529 1344 554 rem
1382 522 1446 555 aut
1480 530 1586 555 suae
1618 530 1841 567 magnopere
1881 519 2003 555 virtuti
2042 519 2214 555 tribueret
2253 523 2317 555 aut

212 568 336 618 ipsos
363 568 579 617 despiceret.

336 630 371 666 b.
399 641 435 676 g.
462 630 492 673 Ι,
524 630 582 676 19,
614 631 647 666 1.
702 657 711 666 .
729 657 736 665 .
754 658 763 666 .
791 629 890 677 quod
917 640 963 667 ea
995 630 1116 666 omnia
1148 641 1221 666 non
1248 629 1356 666 modo
1383 630 1523 678 injussu
1551 642 1627 667 suo
1655 635 1691 667 et
1718 631 1884 678 civitatis,
1920 630 1986 668 sed
2018 631 2127 668 etiam
2163 631 2316 667 inscien-

218 679 317 719 tibus
343 680 455 730 ipsis
481 679 638 718 fecisset.
694 709 728 718 ..
744 709 753 718 .

334 743 369 780 b.
397 754 433 790 g.
459 743 489 789 I,
517 743 579 790 34,
608 743 643 779 2.
696 742 736 780 Si
769 742 857 790 quid
888 742 975 791 ipsi
1009 754 1033 779 a
1059 742 1253 781 Caesare
1280 755 1373 792 opus
1399 748 1508 791 esset,
1541 754 1623 781 sese
1656 743 1705 780 ad
1737 755 1818 781 eum
1852 748 2039 780 venturum
2074 743 2262 781 fuisse...

335 804 371 841 b.
403 815 439 851 g.
467 804 496 851 I,
528 804 591 851 40,
632 804 667 840 4.
727 832 763 842 ..
782 832 791 841 .
831 808 895 841 aut
934 815 998 841 cur
1030 804 1077 841 de
1109 816 1190 841 sua
1221 806 1353 842 virtute
1387 809 1450 841 aut
1483 805 1530 842 de
1562 805 1705 852 ipsius
1738 805 1926 852 diligentia
1962 805 2225 853 desperarent?
2280 810 2315 842 et

212 854 325 904 paulo
351 854 463 892 infra:
505 883 514 892 .
531 883 539 892 .
558 883 567 892 .
595 854 666 892 hac
692 866 739 892 ne
765 855 906 904 ipsum
933 854 1077 903 quidem
1105 867 1254 905 sperare
1283 884 1291 892 .
1307 884 1317 893 .
1334 886 1343 894 .

335 918 370 954 b.
398 929 433 965 g.
461 918 490 965 I,
517 917 580 965 44,
609 918 669 955 22.
725 947 733 955 .
750 946 758 955 .
775 946 783 954 .
812 917 920 955 sedes
946 917 1082 955 habere
1107 918 1144 955 in
1170 918 1295 956 Gallia
1321 918 1366 954 ab
1394 918 1507 966 ipsis
1536 929 1731 955 concessas
1748 947 1757 955 .
1776 948 1783 955 .
1802 946 1811 954 .

334 979 417 1016 Jam
445 978 560 1015 habes
585 979 698 1025 locos,
726 990 829 1026 quos,
856 979 925 1015 nisi
952 979 1183 1026 multiloquus
1210 990 1292 1015 esse
1319 979 1466 1025 nollem,
1495 979 1643 1016 mirifice
1670 991 1805 1027 augere
1834 991 1990 1027 possem.

1212 1153 1302 1201 §2-

335 1223 418 1260 Jam
451 1228 680 1260 transeamus
719 1222 769 1259 ad
802 1223 955 1260 alteram
997 1228 1033 1260 et
1069 1228 1192 1260 tamen
1230 1235 1249 1260 e
1289 1227 1395 1272 parte
1433 1222 1592 1270 quadam
1634 1235 1714 1260 cum
1756 1224 1864 1272 priori
1907 1224 2137 1273 conjunctam
2179 1224 2311 1272 disqui-

213 1274 391 1322 sitionem,
419 1280 600 1322 quatenus
625 1275 690 1312 illa
718 1275 778 1312 lex
804 1275 1044 1322 grammatica
1070 1276 1213 1323 scriptis
1239 1275 1410 1312 Caesaris
1437 1275 1678 1322 confirmetur,
1712 1288 1786 1322 qua
1818 1276 1900 1323 lege
1927 1277 2117 1313 enuntiata
2144 1277 2308 1323 relativa,

212 1326 243 1362 si
270 1331 353 1362 sunt
379 1331 504 1373 partes
531 1326 770 1362 cohaerentes
802 1326 1002 1362 accusativi
1036 1337 1117 1362 cum
1144 1326 1317 1362 infinitivo
1345 1331 1409 1361 aut
1442 1327 1617 1362 enuntiati
1645 1327 1875 1373 conjunctivi,
1910 1327 2140 1374 conjunctivo
2167 1339 2310 1374 quoque

211 1375 319 1415 modo
346 1375 555 1415 exbibenda
581 1382 675 1415 sunt.
728 1376 836 1416 Hanc
862 1376 981 1427 legem
1013 1376 1183 1416 universe
1215 1376 1313 1427 apud
1340 1376 1538 1416 Caesarem
1575 1388 1656 1416 esse
1689 1377 1932 1425 observatam,
1967 1378 2098 1428 ubique
2133 1377 2308 1417 invenies.

210 1430 356 1466 Paucos
394 1430 646 1466 tantummodo
686 1430 869 1476 proferam
908 1431 1026 1475 locos,
1065 1430 1195 1476 quibus
1227 1430 1353 1466 modus
1384 1430 1637 1476 conjunctivus
1678 1431 1713 1465 in
1754 1429 1948 1466 enuntiatis
1989 1432 2172 1476 relativis,
2214 1443 2309 1476 quae

210 1484 294 1517 sunt
320 1483 444 1528 partes
472 1479 710 1517 cohaerentes
737 1479 815 1517 sive
841 1479 1017 1517 enuntiati
1043 1478 1263 1530 conjunctivi
1289 1480 1364 1518 sive
1391 1491 1471 1517 acc.
1498 1491 1529 1517 c.
1558 1479 1632 1528 inf„
1660 1480 1866 1518 exhibetur:

331 1532 364 1568 b.
392 1544 427 1578 g.
455 1533 483 1578 I,
516 1533 578 1579 48,
612 1533 647 1568 2.
797 1536 920 1569 castra
951 1531 1038 1569 fecit
1070 1544 1113 1569 eo
1148 1532 1309 1578 consilio,
1341 1536 1381 1569 ut
1419 1532 1599 1569 frumento
1633 1538 1918 1579 commeatuque,
1953 1534 2027 1578 qui
2053 1544 2100 1569 ex
2128 1533 2309 1579 Sequanis

211 1586 247 1619 et
273 1581 411 1620 Aeduis
438 1586 798 1631 supportaretur,
827 1582 1025 1620 Caesarem
1052 1581 1318 1620 intercluderet.

330 1634 364 1671 b.
397 1646 433 1682 g.
473 1635 525 1681 ΙΙ,
574 1634 614 1681 2,
653 1634 689 1670 3.
755 1635 830 1671 Dat
866 1634 1049 1682 negotium
1089 1634 1293 1671 Senonibus
1331 1634 1550 1681 reliquisque
1588 1635 1723 1681 Gallis,
1765 1636 1813 1671 uti
1856 1646 1912 1681 ea,
1954 1646 2064 1681 quae
2104 1635 2203 1682 apud
2244 1647 2307 1673 eos

208 1690 434 1732 gerantur,
465 1689 698 1732 cognoscant.

330 1737 364 1773 b.
406 1748 441 1784 g.
481 1737 551 1784 ΠΙ,
592 1737 633 1783 3,
674 1738 710 1773 3.
776 1736 981 1773 Nonnullae
1021 1735 1228 1784 hujusmodi
1266 1736 1466 1774 sententiae
1507 1736 1738 1783 dicebantur,
1786 1742 1824 1774 ut
1864 1737 2130 1785 impedimentis
2171 1738 2304 1776 relictis

208 1788 396 1836 eruptione
423 1787 523 1824 facta
548 1787 664 1824 isdem
691 1788 886 1834 itineribus,
915 1788 1070 1834 quibus
1098 1799 1141 1824 eo
1168 1788 1496 1835 pervenissent,
1525 1787 1576 1824 ad
1602 1789 1755 1825 salutem
1786 1788 2056 1825 contenderent.

332 1839 365 1875 b.
394 1850 430 1885 g.
459 1839 505 1884 II,
533 1839 594 1885 35,
625 1839 658 1875 1.
714 1867 722 1875 .
740 1867 769 1875 ..
798 1842 902 1875 tanta
929 1838 1037 1886 hujus
1064 1838 1148 1875 belli
1176 1839 1225 1875 ad
1252 1839 1424 1875 barbaros
1444 1839 1566 1885 opinio
1595 1839 1743 1886 prolata
1768 1844 1834 1886 est,
1864 1840 1913 1875 uti
1941 1840 1987 1876 ab
2016 1840 2058 1875 iis
2085 1839 2303 1886 nationibus,

207 1901 319 1937 quae
345 1894 446 1926 trans
472 1889 637 1926 Rhenum
664 1889 930 1936 incolerent,
958 1889 1183 1926 mitterentur
1209 1890 1321 1937 legati
1348 1889 1396 1925 ad
1424 1889 1633 1926 Caesarem.

329 1941 362 1977 b.
391 1952 426 1987 g.
454 1941 518 1986 III,
546 1941 582 1987 4,
615 1942 646 1977 1.
701 1941 804 1978 Brevi
837 1941 956 1989 spatio
989 1940 1189 1989 interjecto,
1222 1942 1284 1978 vix
1317 1945 1355 1977 ut
1381 1941 1497 1987 rebus,
1540 1952 1650 1988 quas
1677 1941 2036 1987 constituissent,
2079 1941 2303 1979 collocandis

206 1995 315 2038 atque
342 1991 638 2029 administrandis
665 1995 809 2040 tempus
835 1992 993 2029 daretur.

328 2043 361 2079 b.
390 2054 426 2090 g.
454 2043 497 2090 V,
525 2044 586 2090 23,
614 2044 650 2080 3.
704 2045 758 2080 Ac
784 2043 837 2081 sic
863 2043 1005 2090 accidit,
1039 2048 1079 2080 ut
1110 2054 1157 2080 ex
1188 2048 1290 2080 tanto
1322 2044 1466 2080 navium
1498 2054 1648 2080 numero
1681 2047 1733 2079 tot
1765 2043 2057 2090 navigationibus
2084 2054 2203 2091 neque
2231 2044 2301 2081 hoc

205 2105 322 2142 neque
349 2094 534 2143 superiore
561 2105 657 2132 anno
684 2095 761 2131 ulla
787 2095 930 2132 omnino
957 2094 1074 2142 navis,
1102 2106 1214 2143 quae
1242 2095 1371 2132 milites
1397 2098 1613 2143 portaret,
1642 2093 1925 2142 desideraretur3
1964 2099 2003 2130 at
2031 2105 2077 2131 ex
2105 2095 2160 2143 iis,
2192 2107 2304 2143 quae

202 2146 331 2183 inanes
359 2157 404 2182 ex
432 2146 627 2183 continenti
659 2146 709 2183 ad
741 2158 823 2183 eum
856 2146 1190 2184 remitterentur
1221 2151 1258 2183 et
1287 2146 1415 2195 prioris
1449 2150 1670 2183 commeatus
1702 2146 1877 2193 expositis
1903 2145 2075 2183 militibus
2102 2151 2149 2193 et,
2192 2159 2303 2194 quas

204 2201 334 2246 postea
361 2197 544 2234 Labienus
570 2197 760 2236 faciendas
788 2202 1041 2245 curaverat,
1070 2209 1281 2246 perpaucae
1307 2198 1425 2235 locum
1453 2202 1627 2246 caperent
1654 2225 1662 2234 .
1679 2225 1687 2234 .
1704 2225 1713 2234 .

326 2249 406 2296 VII,
434 2249 494 2296 30,
523 2250 548 2285 4
576 2278 585 2286 .
601 2277 610 2285 .
627 2278 635 2286 .
665 2254 701 2286 et
727 2250 779 2287 sic
806 2255 889 2287 sunt
915 2249 1035 2286 animo
1068 2250 1288 2287 consternati
1321 2249 1483 2287 homines
1510 2249 1640 2286 insueti
1666 2248 1811 2296 laboris,
1846 2253 1885 2285 ut
1911 2249 2045 2296 omnia,
2079 2261 2195 2296 quae
2228 2250 2302 2287 im-

202 2305 480 2348 perarentur,
509 2300 575 2337 sibi
603 2301 778 2349 patienda
805 2301 1062 2339 existimarent.

325 2352 386 2399 VI,
426 2353 458 2398 1,
493 2352 527 2388 2.
677 2352 767 2400 petit
798 2351 982 2401 (Caesar),
1016 2352 1220 2400 quoniam
1253 2352 1334 2400 ipse
1367 2351 1416 2388 ad
1449 2352 1569 2388 urbem
1603 2362 1682 2388 cum
1716 2350 1867 2399 imperio
1901 2350 1953 2387 rei
1986 2350 2156 2399 publicae
2188 2363 2302 2389 causa

201 2408 467 2449 remaneret,
495 2414 602 2449 quos
628 2415 675 2440 ex
702 2403 893 2451 Cisalpina
918 2404 1042 2441 Gallia
1068 2404 1227 2440 consulis
1254 2409 1482 2440 sacramento
1515 2403 1787 2449 rogavisset,
1821 2402 1870 2437 ad
1906 2402 2013 2448 signa
2041 2404 2235 2439 convenire
2263 2409 2300 2440 et

201 2453 250 2491 ad
277 2464 317 2491 se
343 2453 524 2503 proficisci
547 2454 701 2502 Juberet.

321 2505 356 2541 b.
384 2516 419 2552 g.
434 2506 512 2550 VII,
541 2507 602 2551 33,
631 2507 654 2542 2
683 2533 691 2541 .
708 2533 716 2541 .
733 2533 742 2541 .
771 2510 818 2551 et,
846 2506 945 2552 quod
971 2506 1111 2553 legibus
1124 2505 1331 2542 Aeduorum
1358 2506 1413 2549 iis,
1441 2506 1511 2551 qui
1538 2516 1714 2540 summum
1742 2505 1996 2551 magistratum
2025 2505 2296 2551 obtinerent,

200 2555 380 2594 excedere
407 2568 455 2594 ex
481 2556 611 2595 finibus
638 2569 710 2595 non
737 2556 872 2604 liceret,
902 2586 910 2595 .
928 2586 936 2594 .
954 2586 962 2595 .
990 2557 1069 2606 ipse
1095 2557 1131 2594 in
1157 2556 1308 2595 Aeduos
1336 2556 1514 2604 proficisci
1542 2555 1736 2592 constituit.

322 2608 357 2644 b.
390 2619 426 2656 g.
460 2609 487 2655 Ι,
522 2609 583 2656 22,
616 2609 652 2645 4.
706 2609 819 2645 Multo
851 2608 1008 2657 denique
1040 2608 1099 2646 die
1132 2619 1198 2656 per
1230 2609 1480 2658 exploratores
1508 2608 1645 2644 Caesar
1677 2608 1860 2654 cognovit,
1904 2615 1940 2644 et
1975 2612 2128 2643 montem
2165 2618 2188 2642 a
2223 2608 2297 2644 suis

199 2658 314 2697 teneri
346 2664 383 2697 et
410 2660 597 2699 Helvetios
638 2665 760 2699 castra
790 2661 949 2699 movisse
981 2666 1017 2698 et
1043 2660 1252 2699 Considium
1285 2662 1411 2698 timore
1444 2659 1679 2708 perterritum,
1721 2660 1836 2707 quod
1875 2671 1946 2697 non
1983 2659 2190 2705 vidisset,
2232 2671 2297 2707 pro

199 2710 278 2747 viso
305 2711 372 2748 sibi
398 2712 636 2749 renuntiasse.
1381 2740 1383 2742 -

320 2762 354 2800 b.
382 2774 418 2810 g.
446 2763 475 2812 I,
504 2764 565 2811 27,
594 2764 628 2802 2.
684 2792 692 2800 .
709 2792 718 2801 .
736 2792 744 2801 .
773 2767 882 2812 atque
909 2762 1024 2813 (cum)
1052 2775 1116 2801 eos
1141 2763 1178 2801 in
1206 2775 1249 2801 eo
1278 2764 1370 2811 loco,
1405 2774 1486 2811 quo
1519 2766 1591 2799 tum
1621 2768 1755 2809 esset,
1791 2774 1893 2800 suum
1922 2762 2118 2799 adventum
2147 2773 2296 2809 exspec-

197 2816 276 2850 tare
290 2812 479 2864 jussisset,
507 2819 715 2863 paruerunt.
