<?xml version="1.0" encoding="UTF-8"?>
<!DOCTYPE html PUBLIC "-//W3C//DTD XHTML 1.0 Transitional//EN"
    "http://www.w3.org/TR/xhtml1/DTD/xhtml1-transitional.dtd">
<html xmlns="http://www.w3.org/1999/xhtml" xml:lang="en" lang="en">
 <head>
  <title>
</title>
<meta http-equiv="Content-Type" content="text/html;charset=utf-8" />
  <meta name='ocr-system' content='tesseract 3.04.00' />
  <meta name='ocr-capabilities' content='ocr_page ocr_carea ocr_par ocr_line ocrx_word'/>
</head>
<body>
  <div class='ocr_page' id='page_1' title='image "./4774705_0026.png"; bbox 0 0 2485 3028; ppageno 0'>
   <div class='ocr_carea' id='block_1_1' title="bbox 1202 137 1250 177">
    <p class='ocr_par' dir='ltr' id='par_1_1' title="bbox 1202 137 1250 177">
     <span class='ocr_line' id='line_1_1' title="bbox 1202 137 1250 177; baseline 0 0"><span class='ocrx_word' id='word_1_1' title='bbox 1202 137 1250 177; x_wconf 83' lang='lat'><strong>19</strong></span> 
     </span>
    </p>
   </div>
   <div class='ocr_carea' id='block_1_2' title="bbox 1105 189 1350 198">
    <p class='ocr_par' dir='ltr' id='par_1_2' title="bbox 1105 189 1350 198">
     <span class='ocr_line' id='line_1_2' title="bbox 1105 189 1350 198; baseline 0 2830"><span class='ocrx_word' id='word_1_2' title='bbox 1105 189 1350 198; x_wconf 95' lang='lat' dir='ltr'><strong> </strong></span> 
     </span>
    </p>
   </div>
   <div class='ocr_carea' id='block_1_3' title="bbox 299 283 2149 425">
    <p class='ocr_par' dir='ltr' id='par_1_3' title="bbox 299 283 2149 425">
     <span class='ocr_line' id='line_1_3' title="bbox 1233 284 1270 323; baseline 0.054 -2"><span class='ocrx_word' id='word_1_3' title='bbox 1233 284 1270 323; x_wconf 78' lang='lat'><strong>4.</strong></span> 
     </span>
     <span class='ocr_line' id='line_1_4' title="bbox 299 283 2149 425; baseline 0 -11"><span class='ocrx_word' id='word_1_4' title='bbox 299 364 373 414; x_wconf 84' lang='lat' dir='ltr'><strong>De</strong></span> <span class='ocrx_word' id='word_1_5' title='bbox 403 362 744 414; x_wconf 78' lang='lat' dir='ltr'><strong>ablativorum</strong></span> <span class='ocrx_word' id='word_1_6' title='bbox 773 362 1138 424; x_wconf 81' lang='lat' dir='ltr'><strong>absolutorum,</strong></span> <span class='ocrx_word' id='word_1_7' title='bbox 1170 283 1260 425; x_wconf 57' lang='lat' dir='ltr'><strong>:ui</strong></span> <span class='ocrx_word' id='word_1_8' title='bbox 1291 360 1546 423; x_wconf 87' lang='lat' dir='ltr'><strong>dicuntur,</strong></span> <span class='ocrx_word' id='word_1_9' title='bbox 1576 375 1671 414; x_wconf 88' lang='lat' dir='ltr'><strong>usu</strong></span> <span class='ocrx_word' id='word_1_10' title='bbox 1702 362 1838 425; x_wconf 85' lang='lat' dir='ltr'><strong>apud</strong></span> <span class='ocrx_word' id='word_1_11' title='bbox 1871 361 2149 414; x_wconf 82' lang='lat' dir='ltr'><strong>Caesarem.</strong></span> 
     </span>
    </p>
   </div>
   <div class='ocr_carea' id='block_1_4' title="bbox 172 454 2278 2039">
    <p class='ocr_par' dir='ltr' id='par_1_4' title="bbox 172 454 2278 1120">
     <span class='ocr_line' id='line_1_5' title="bbox 300 454 2276 505; baseline 0.001 -11"><span class='ocrx_word' id='word_1_12' title='bbox 300 456 341 494; x_wconf 86' lang='lat' dir='ltr'><strong>Si</strong></span> <span class='ocrx_word' id='word_1_13' title='bbox 347 455 442 493; x_wconf 86' lang='lat' dir='ltr'><strong>actio</strong></span> <span class='ocrx_word' id='word_1_14' title='bbox 451 455 551 493; x_wconf 89' lang='lat' dir='ltr'><strong>verbi</strong></span> <span class='ocrx_word' id='word_1_15' title='bbox 558 456 658 503; x_wconf 87' lang='lat' dir='ltr'><strong>finiti,</strong></span> <span class='ocrx_word' id='word_1_16' title='bbox 666 455 765 504; x_wconf 90' lang='lat' dir='ltr'><strong>quod</strong></span> <span class='ocrx_word' id='word_1_17' title='bbox 770 459 914 503; x_wconf 87' lang='lat' dir='ltr'><strong>vocant,</strong></span> <span class='ocrx_word' id='word_1_18' title='bbox 921 456 1113 505; x_wconf 87' lang='lat' dir='ltr'><strong>participio</strong></span> <span class='ocrx_word' id='word_1_19' title='bbox 1119 455 1220 492; x_wconf 90' lang='lat' dir='ltr'><strong>verbi</strong></span> <span class='ocrx_word' id='word_1_20' title='bbox 1227 454 1417 504; x_wconf 88' lang='lat' dir='ltr'><strong>cujusdam</strong></span> <span class='ocrx_word' id='word_1_21' title='bbox 1425 455 1570 503; x_wconf 86' lang='lat' dir='ltr'><strong>planius</strong></span> <span class='ocrx_word' id='word_1_22' title='bbox 1577 455 1800 503; x_wconf 79' lang='lat' dir='ltr'><strong>describitur,</strong></span> <span class='ocrx_word' id='word_1_23' title='bbox 1808 457 1840 493; x_wconf 92' lang='lat' dir='ltr'><strong>si</strong></span> <span class='ocrx_word' id='word_1_24' title='bbox 1848 457 2068 504; x_wconf 78' lang='lat' dir='ltr'><strong>explanatur</strong></span> <span class='ocrx_word' id='word_1_25' title='bbox 2074 458 2276 505; x_wconf 80' lang='lat' dir='ltr'><strong>participio,</strong></span> 
     </span>
     <span class='ocr_line' id='line_1_6' title="bbox 176 506 2278 557; baseline 0 -11"><span class='ocrx_word' id='word_1_26' title='bbox 176 520 250 557; x_wconf 86' lang='lat' dir='ltr'><strong>quo</strong></span> <span class='ocrx_word' id='word_1_27' title='bbox 268 506 390 555; x_wconf 88' lang='lat' dir='ltr'><strong>modo,</strong></span> <span class='ocrx_word' id='word_1_28' title='bbox 415 508 544 555; x_wconf 88' lang='lat' dir='ltr'><strong>quibus</strong></span> <span class='ocrx_word' id='word_1_29' title='bbox 566 506 840 556; x_wconf 85' lang='lat' dir='ltr'><strong>conditionibus,</strong></span> <span class='ocrx_word' id='word_1_30' title='bbox 860 518 932 555; x_wconf 91' lang='lat' dir='ltr'><strong>quo</strong></span> <span class='ocrx_word' id='word_1_31' title='bbox 950 511 1113 556; x_wconf 82' lang='lat' dir='ltr'><strong>tempore</strong></span> <span class='ocrx_word' id='word_1_32' title='bbox 1130 518 1190 545; x_wconf 81' lang='lat' dir='ltr'><strong>res</strong></span> <span class='ocrx_word' id='word_1_33' title='bbox 1203 510 1361 555; x_wconf 76' lang='lat' dir='ltr'>geratur,</span> <span class='ocrx_word' id='word_1_34' title='bbox 1380 510 1417 544; x_wconf 87' lang='lat' dir='ltr'><strong>et</strong></span> <span class='ocrx_word' id='word_1_35' title='bbox 1433 506 1504 544; x_wconf 91' lang='lat' dir='ltr'><strong>hoc</strong></span> <span class='ocrx_word' id='word_1_36' title='bbox 1523 518 1603 544; x_wconf 90' lang='lat' dir='ltr'><strong>cum</strong></span> <span class='ocrx_word' id='word_1_37' title='bbox 1624 507 1815 557; x_wconf 86' lang='lat' dir='ltr'><strong>participio</strong></span> <span class='ocrx_word' id='word_1_38' title='bbox 1835 506 2038 556; x_wconf 87' lang='lat' dir='ltr'><strong>subjectum</strong></span> <span class='ocrx_word' id='word_1_39' title='bbox 2057 519 2202 556; x_wconf 92' lang='lat' dir='ltr'><strong>quoque</strong></span> <span class='ocrx_word' id='word_1_40' title='bbox 2221 513 2278 547; x_wconf 88' lang='lat' dir='ltr'><strong>est</strong></span> 
     </span>
     <span class='ocr_line' id='line_1_7' title="bbox 177 558 2275 609; baseline -0 -11"><span class='ocrx_word' id='word_1_41' title='bbox 177 558 422 609; x_wconf 83' lang='lat' dir='ltr'><strong>conjunctum,</strong></span> <span class='ocrx_word' id='word_1_42' title='bbox 430 563 467 597; x_wconf 92' lang='lat' dir='ltr'><strong>et</strong></span> <span class='ocrx_word' id='word_1_43' title='bbox 473 558 674 608; x_wconf 89' lang='lat' dir='ltr'><strong>subjectum</strong></span> <span class='ocrx_word' id='word_1_44' title='bbox 682 563 718 597; x_wconf 88' lang='lat' dir='ltr'><strong>et</strong></span> <span class='ocrx_word' id='word_1_45' title='bbox 724 559 952 608; x_wconf 75' lang='lat' dir='ltr'><strong>participium</strong></span> <span class='ocrx_word' id='word_1_46' title='bbox 960 569 1049 596; x_wconf 88' lang='lat' dir='ltr'><strong>casu</strong></span> <span class='ocrx_word' id='word_1_47' title='bbox 1057 559 1217 596; x_wconf 85' lang='lat' dir='ltr'><strong>ablativo</strong></span> <span class='ocrx_word' id='word_1_48' title='bbox 1230 558 1455 605; x_wconf 83' lang='lat' dir='ltr'><strong>exhibentur,</strong></span> <span class='ocrx_word' id='word_1_49' title='bbox 1475 558 1573 605; x_wconf 89' lang='lat' dir='ltr'><strong>quod</strong></span> <span class='ocrx_word' id='word_1_50' title='bbox 1586 558 1617 595; x_wconf 91' lang='lat' dir='ltr'><strong>is</strong></span> <span class='ocrx_word' id='word_1_51' title='bbox 1631 570 1740 596; x_wconf 89' lang='lat' dir='ltr'><strong>casus</strong></span> <span class='ocrx_word' id='word_1_52' title='bbox 1753 559 1938 608; x_wconf 85' lang='lat' dir='ltr'><strong>significat</strong></span> <span class='ocrx_word' id='word_1_53' title='bbox 1949 559 2108 607; x_wconf 89' lang='lat' dir='ltr'><strong>modum,</strong></span> <span class='ocrx_word' id='word_1_54' title='bbox 2121 564 2275 609; x_wconf 89' lang='lat' dir='ltr'><strong>tempus,</strong></span> 
     </span>
     <span class='ocr_line' id='line_1_8' title="bbox 176 609 2277 659; baseline 0 -11"><span class='ocrx_word' id='word_1_55' title='bbox 176 622 251 659; x_wconf 91' lang='lat' dir='ltr'><strong>quo</strong></span> <span class='ocrx_word' id='word_1_56' title='bbox 292 610 430 658; x_wconf 89' lang='lat' dir='ltr'><strong>aliquid</strong></span> <span class='ocrx_word' id='word_1_57' title='bbox 462 610 513 648; x_wconf 88' lang='lat' dir='ltr'><strong>fit.</strong></span> <span class='ocrx_word' id='word_1_58' title='bbox 574 610 675 655; x_wconf 84' lang='lat' dir='ltr'><strong>Quos</strong></span> <span class='ocrx_word' id='word_1_59' title='bbox 706 610 887 648; x_wconf 77' lang='lat' dir='ltr'><strong>ablativos</strong></span> <span class='ocrx_word' id='word_1_60' title='bbox 918 611 1156 658; x_wconf 74' lang='lat' dir='ltr'><strong>grammatici,</strong></span> <span class='ocrx_word' id='word_1_61' title='bbox 1196 609 1294 657; x_wconf 91' lang='lat' dir='ltr'><strong>quod</strong></span> <span class='ocrx_word' id='word_1_62' title='bbox 1333 614 1418 647; x_wconf 90' lang='lat' dir='ltr'><strong>sunt</strong></span> <span class='ocrx_word' id='word_1_63' title='bbox 1454 621 1477 646; x_wconf 89' lang='lat' dir='ltr'><strong>a</strong></span> <span class='ocrx_word' id='word_1_64' title='bbox 1514 609 1625 648; x_wconf 89' lang='lat' dir='ltr'><strong>verbo</strong></span> <span class='ocrx_word' id='word_1_65' title='bbox 1658 609 1760 648; x_wconf 88' lang='lat' dir='ltr'><strong>finito</strong></span> <span class='ocrx_word' id='word_1_66' title='bbox 1798 611 1955 649; x_wconf 88' lang='lat' dir='ltr'><strong>absoluti</strong></span> <span class='ocrx_word' id='word_1_67' title='bbox 1986 621 2107 659; x_wconf 89' lang='lat' dir='ltr'><strong>neque</strong></span> <span class='ocrx_word' id='word_1_68' title='bbox 2146 611 2192 649; x_wconf 92' lang='lat' dir='ltr'><strong>ab</strong></span> <span class='ocrx_word' id='word_1_69' title='bbox 2233 623 2277 649; x_wconf 92' lang='lat' dir='ltr'><strong>eo</strong></span> 
     </span>
     <span class='ocr_line' id='line_1_9' title="bbox 178 660 2277 712; baseline 0 -14"><span class='ocrx_word' id='word_1_70' title='bbox 178 660 352 712; x_wconf 80' lang='lat' dir='ltr'><strong>pendent,</strong></span> <span class='ocrx_word' id='word_1_71' title='bbox 381 660 568 698; x_wconf 81' lang='lat' dir='ltr'><strong>absolutos</strong></span> <span class='ocrx_word' id='word_1_72' title='bbox 594 666 740 697; x_wconf 89' lang='lat' dir='ltr'><strong>vocant.</strong></span> <span class='ocrx_word' id='word_1_73' title='bbox 789 661 1001 710; x_wconf 86' lang='lat' dir='ltr'><strong>Gujusmodi</strong></span> <span class='ocrx_word' id='word_1_74' title='bbox 1027 661 1134 708; x_wconf 86' lang='lat' dir='ltr'><strong>igitur</strong></span> <span class='ocrx_word' id='word_1_75' title='bbox 1159 662 1206 697; x_wconf 88' lang='lat' dir='ltr'><strong>sit</strong></span> <span class='ocrx_word' id='word_1_76' title='bbox 1231 661 1358 696; x_wconf 85' lang='lat' dir='ltr'><strong>horum</strong></span> <span class='ocrx_word' id='word_1_77' title='bbox 1385 671 1536 696; x_wconf 84' lang='lat' dir='ltr'><strong>casuum</strong></span> <span class='ocrx_word' id='word_1_78' title='bbox 1564 661 1811 699; x_wconf 80' lang='lat' dir='ltr'><strong>absolutorum</strong></span> <span class='ocrx_word' id='word_1_79' title='bbox 1837 673 1925 698; x_wconf 90' lang='lat' dir='ltr'><strong>usus</strong></span> <span class='ocrx_word' id='word_1_80' title='bbox 1952 662 2054 709; x_wconf 87' lang='lat' dir='ltr'><strong>apud</strong></span> <span class='ocrx_word' id='word_1_81' title='bbox 2067 662 2277 708; x_wconf 87' lang='lat' dir='ltr'><strong>Caesarem,</strong></span> 
     </span>
     <span class='ocr_line' id='line_1_10' title="bbox 172 710 2276 765; baseline 0 -12"><span class='ocrx_word' id='word_1_82' title='bbox 172 715 256 765; x_wconf 85' lang='lat' dir='ltr'><strong>jam</strong></span> <span class='ocrx_word' id='word_1_83' title='bbox 283 713 537 762; x_wconf 74' lang='lat' dir='ltr'><strong>disquiramus.</strong></span> <span class='ocrx_word' id='word_1_84' title='bbox 579 715 634 753; x_wconf 86' lang='lat' dir='ltr'><strong>Ac</strong></span> <span class='ocrx_word' id='word_1_85' title='bbox 660 713 813 764; x_wconf 84' lang='lat' dir='ltr'><strong>primum</strong></span> <span class='ocrx_word' id='word_1_86' title='bbox 840 711 985 762; x_wconf 87' lang='lat' dir='ltr'><strong>quidem</strong></span> <span class='ocrx_word' id='word_1_87' title='bbox 1012 726 1155 763; x_wconf 83' lang='lat' dir='ltr'><strong>semper</strong></span> <span class='ocrx_word' id='word_1_88' title='bbox 1180 710 1356 752; x_wconf 88' lang='lat' dir='ltr'><strong>memoria</strong></span> <span class='ocrx_word' id='word_1_89' title='bbox 1381 716 1506 752; x_wconf 90' lang='lat' dir='ltr'><strong>tenere</strong></span> <span class='ocrx_word' id='word_1_90' title='bbox 1532 710 1718 761; x_wconf 85' lang='lat' dir='ltr'><strong>dehemus,</strong></span> <span class='ocrx_word' id='word_1_91' title='bbox 1746 710 1784 752; x_wconf 89' lang='lat' dir='ltr'><strong>id</strong></span> <span class='ocrx_word' id='word_1_92' title='bbox 1810 711 1907 762; x_wconf 88' lang='lat' dir='ltr'><strong>quod</strong></span> <span class='ocrx_word' id='word_1_93' title='bbox 1933 712 2161 763; x_wconf 82' lang='lat' dir='ltr'><strong>grammatici</strong></span> <span class='ocrx_word' id='word_1_94' title='bbox 2187 725 2276 754; x_wconf 88' lang='lat' dir='ltr'><strong>non-</strong></span> 
     </span>
     <span class='ocr_line' id='line_1_11' title="bbox 179 765 2275 813; baseline 0 -12"><span class='ocrx_word' id='word_1_95' title='bbox 179 776 365 813; x_wconf 88' lang='lat' dir='ltr'><strong>nunquam</strong></span> <span class='ocrx_word' id='word_1_96' title='bbox 406 765 505 800; x_wconf 89' lang='lat' dir='ltr'><strong>obliti</strong></span> <span class='ocrx_word' id='word_1_97' title='bbox 540 776 622 801; x_wconf 87' lang='lat' dir='ltr'><strong>esse</strong></span> <span class='ocrx_word' id='word_1_98' title='bbox 655 765 834 811; x_wconf 88' lang='lat' dir='ltr'><strong>videntur,</strong></span> <span class='ocrx_word' id='word_1_99' title='bbox 875 765 1055 800; x_wconf 84' lang='lat' dir='ltr'><strong>ablativos</strong></span> <span class='ocrx_word' id='word_1_100' title='bbox 1093 766 1280 801; x_wconf 86' lang='lat' dir='ltr'><strong>absolutos</strong></span> <span class='ocrx_word' id='word_1_101' title='bbox 1317 768 1395 799; x_wconf 83' lang='lat' dir='ltr'><strong>arte</strong></span> <span class='ocrx_word' id='word_1_102' title='bbox 1434 776 1514 800; x_wconf 91' lang='lat' dir='ltr'><strong>cum</strong></span> <span class='ocrx_word' id='word_1_103' title='bbox 1555 765 1753 810; x_wconf 88' lang='lat' dir='ltr'><strong>enuntiato,</strong></span> <span class='ocrx_word' id='word_1_104' title='bbox 1794 766 1898 812; x_wconf 91' lang='lat' dir='ltr'><strong>cujus</strong></span> <span class='ocrx_word' id='word_1_105' title='bbox 1937 770 2021 802; x_wconf 89' lang='lat' dir='ltr'><strong>sunt</strong></span> <span class='ocrx_word' id='word_1_106' title='bbox 2058 767 2275 813; x_wconf 81' lang='lat' dir='ltr'><strong>particulae,</strong></span> 
     </span>
     <span class='ocr_line' id='line_1_12' title="bbox 176 813 2275 865; baseline 0 -10"><span class='ocrx_word' id='word_1_107' title='bbox 176 815 392 865; x_wconf 77' lang='lat' dir='ltr'><strong>conjunctos</strong></span> <span class='ocrx_word' id='word_1_108' title='bbox 429 828 511 854; x_wconf 88' lang='lat' dir='ltr'><strong>esse</strong></span> <span class='ocrx_word' id='word_1_109' title='bbox 544 828 662 864; x_wconf 86' lang='lat' dir='ltr'><strong>neque</strong></span> <span class='ocrx_word' id='word_1_110' title='bbox 692 827 763 864; x_wconf 84' lang='lat' dir='ltr'><strong>per</strong></span> <span class='ocrx_word' id='word_1_111' title='bbox 794 828 835 854; x_wconf 90' lang='lat' dir='ltr'><strong>se</strong></span> <span class='ocrx_word' id='word_1_112' title='bbox 866 815 1087 854; x_wconf 88' lang='lat' dir='ltr'><strong>enuntiatum</strong></span> <span class='ocrx_word' id='word_1_113' title='bbox 1121 814 1287 854; x_wconf 88' lang='lat' dir='ltr'><strong>omnibus</strong></span> <span class='ocrx_word' id='word_1_114' title='bbox 1317 814 1476 853; x_wconf 89' lang='lat' dir='ltr'><strong>numeris</strong></span> <span class='ocrx_word' id='word_1_115' title='bbox 1508 813 1713 853; x_wconf 89' lang='lat' dir='ltr'><strong>absolutum</strong></span> <span class='ocrx_word' id='word_1_116' title='bbox 1746 818 1857 864; x_wconf 87' lang='lat' dir='ltr'><strong>atque</strong></span> <span class='ocrx_word' id='word_1_117' title='bbox 1883 815 2081 865; x_wconf 83' lang='lat' dir='ltr'><strong>perfectum</strong></span> <span class='ocrx_word' id='word_1_118' title='bbox 2109 815 2275 864; x_wconf 77' lang='lat' dir='ltr'><strong>efficere3</strong></span> 
     </span>
     <span class='ocr_line' id='line_1_13' title="bbox 180 866 2277 915; baseline 0.001 -12"><span class='ocrx_word' id='word_1_119' title='bbox 180 867 333 904; x_wconf 83' lang='lat' dir='ltr'><strong>ablativi</strong></span> <span class='ocrx_word' id='word_1_120' title='bbox 360 867 517 904; x_wconf 89' lang='lat' dir='ltr'><strong>absoluti</strong></span> <span class='ocrx_word' id='word_1_121' title='bbox 542 878 610 915; x_wconf 91' lang='lat' dir='ltr'><strong>pro</strong></span> <span class='ocrx_word' id='word_1_122' title='bbox 637 867 821 904; x_wconf 82' lang='lat' dir='ltr'><strong>adverbiis</strong></span> <span class='ocrx_word' id='word_1_123' title='bbox 854 866 1120 914; x_wconf 89' lang='lat' dir='ltr'><strong>quodammodo</strong></span> <span class='ocrx_word' id='word_1_124' title='bbox 1152 867 1261 913; x_wconf 88' lang='lat' dir='ltr'><strong>positi</strong></span> <span class='ocrx_word' id='word_1_125' title='bbox 1287 871 1372 902; x_wconf 88' lang='lat' dir='ltr'><strong>sunt</strong></span> <span class='ocrx_word' id='word_1_126' title='bbox 1398 872 1434 902; x_wconf 89' lang='lat' dir='ltr'><strong>et</strong></span> <span class='ocrx_word' id='word_1_127' title='bbox 1460 866 1714 903; x_wconf 85' lang='lat' dir='ltr'><strong>adverbiorum</strong></span> <span class='ocrx_word' id='word_1_128' title='bbox 1741 868 1880 904; x_wconf 86' lang='lat' dir='ltr'><strong>vicibus</strong></span> <span class='ocrx_word' id='word_1_129' title='bbox 1906 867 2114 914; x_wconf 84' lang='lat' dir='ltr'><strong>funguntur.</strong></span> <span class='ocrx_word' id='word_1_130' title='bbox 2169 868 2277 912; x_wconf 85' lang='lat' dir='ltr'><strong>Quod</strong></span> 
     </span>
     <span class='ocr_line' id='line_1_14' title="bbox 177 916 2275 968; baseline 0 -11"><span class='ocrx_word' id='word_1_131' title='bbox 177 918 290 958; x_wconf 78' lang='lat' dir='ltr'><strong>facile</strong></span> <span class='ocrx_word' id='word_1_132' title='bbox 321 918 544 967; x_wconf 87' lang='lat' dir='ltr'><strong>libenterque</strong></span> <span class='ocrx_word' id='word_1_133' title='bbox 578 918 664 956; x_wconf 89' lang='lat' dir='ltr'><strong>mihi</strong></span> <span class='ocrx_word' id='word_1_134' title='bbox 697 917 890 966; x_wconf 86' lang='lat' dir='ltr'><strong>concedes,</strong></span> <span class='ocrx_word' id='word_1_135' title='bbox 924 917 952 956; x_wconf 89' lang='lat' dir='ltr'><strong>si</strong></span> <span class='ocrx_word' id='word_1_136' title='bbox 986 916 1297 965; x_wconf 88' lang='lat' dir='ltr'><strong>animadverteris,</strong></span> <span class='ocrx_word' id='word_1_137' title='bbox 1337 927 1393 965; x_wconf 85' lang='lat' dir='ltr'><strong>ea,</strong></span> <span class='ocrx_word' id='word_1_138' title='bbox 1435 928 1529 965; x_wconf 87' lang='lat' dir='ltr'><strong>quae</strong></span> <span class='ocrx_word' id='word_1_139' title='bbox 1569 916 1760 967; x_wconf 89' lang='lat' dir='ltr'><strong>participio</strong></span> <span class='ocrx_word' id='word_1_140' title='bbox 1794 917 1921 955; x_wconf 87' lang='lat' dir='ltr'><strong>addita</strong></span> <span class='ocrx_word' id='word_1_141' title='bbox 1953 922 2046 966; x_wconf 89' lang='lat' dir='ltr'><strong>sunt,</strong></span> <span class='ocrx_word' id='word_1_142' title='bbox 2087 922 2123 956; x_wconf 91' lang='lat' dir='ltr'><strong>et</strong></span> <span class='ocrx_word' id='word_1_143' title='bbox 2156 918 2275 968; x_wconf 91' lang='lat' dir='ltr'><strong>ipsum</strong></span> 
     </span>
     <span class='ocr_line' id='line_1_15' title="bbox 175 968 2275 1017; baseline 0 -11"><span class='ocrx_word' id='word_1_144' title='bbox 175 968 382 1017; x_wconf 79' lang='lat' dir='ltr'><strong>subjectum</strong></span> <span class='ocrx_word' id='word_1_145' title='bbox 410 970 532 1005; x_wconf 91' lang='lat' dir='ltr'><strong>omnia</strong></span> <span class='ocrx_word' id='word_1_146' title='bbox 557 974 759 1016; x_wconf 88' lang='lat' dir='ltr'><strong>praecepta</strong></span> <span class='ocrx_word' id='word_1_147' title='bbox 786 969 833 1005; x_wconf 92' lang='lat' dir='ltr'><strong>de</strong></span> <span class='ocrx_word' id='word_1_148' title='bbox 858 970 1071 1016; x_wconf 88' lang='lat' dir='ltr'><strong>pronomine</strong></span> <span class='ocrx_word' id='word_1_149' title='bbox 1088 969 1261 1005; x_wconf 84' lang='lat' dir='ltr'><strong>reflexivo</strong></span> <span class='ocrx_word' id='word_1_150' title='bbox 1285 980 1445 1014; x_wconf 87' lang='lat' dir='ltr'><strong>servare,</strong></span> <span class='ocrx_word' id='word_1_151' title='bbox 1474 970 1504 1005; x_wconf 90' lang='lat' dir='ltr'><strong>si</strong></span> <span class='ocrx_word' id='word_1_152' title='bbox 1531 969 1600 1005; x_wconf 92' lang='lat' dir='ltr'><strong>hoc</strong></span> <span class='ocrx_word' id='word_1_153' title='bbox 1623 969 1778 1006; x_wconf 86' lang='lat' dir='ltr'><strong>refertur</strong></span> <span class='ocrx_word' id='word_1_154' title='bbox 1804 970 1852 1005; x_wconf 85' lang='lat' dir='ltr'><strong>ad</strong></span> <span class='ocrx_word' id='word_1_155' title='bbox 1880 969 2079 1017; x_wconf 89' lang='lat' dir='ltr'><strong>subjectum</strong></span> <span class='ocrx_word' id='word_1_156' title='bbox 2108 971 2275 1017; x_wconf 89' lang='lat' dir='ltr'><strong>ejusdem</strong></span> 
     </span>
     <span class='ocr_line' id='line_1_16' title="bbox 176 1018 2274 1070; baseline -0 -12"><span class='ocrx_word' id='word_1_157' title='bbox 176 1023 243 1058; x_wconf 86' lang='lat' dir='ltr'><strong>aut</strong></span> <span class='ocrx_word' id='word_1_158' title='bbox 277 1019 374 1058; x_wconf 88' lang='lat' dir='ltr'><strong>illius</strong></span> <span class='ocrx_word' id='word_1_159' title='bbox 407 1019 596 1067; x_wconf 87' lang='lat' dir='ltr'><strong>enuntiati,</strong></span> <span class='ocrx_word' id='word_1_160' title='bbox 630 1031 654 1057; x_wconf 87' lang='lat' dir='ltr'><strong>a</strong></span> <span class='ocrx_word' id='word_1_161' title='bbox 685 1030 756 1068; x_wconf 93' lang='lat' dir='ltr'><strong>quo</strong></span> <span class='ocrx_word' id='word_1_162' title='bbox 790 1019 927 1069; x_wconf 86' lang='lat' dir='ltr'><strong>pendet</strong></span> <span class='ocrx_word' id='word_1_163' title='bbox 958 1018 1191 1067; x_wconf 88' lang='lat' dir='ltr'><strong>enuntiatum,</strong></span> <span class='ocrx_word' id='word_1_164' title='bbox 1230 1029 1302 1067; x_wconf 90' lang='lat' dir='ltr'><strong>quo</strong></span> <span class='ocrx_word' id='word_1_165' title='bbox 1339 1018 1489 1055; x_wconf 86' lang='lat' dir='ltr'><strong>ablativi</strong></span> <span class='ocrx_word' id='word_1_166' title='bbox 1520 1019 1676 1056; x_wconf 88' lang='lat' dir='ltr'><strong>absoluti</strong></span> <span class='ocrx_word' id='word_1_167' title='bbox 1715 1020 1954 1068; x_wconf 85' lang='lat' dir='ltr'><strong>continentur,</strong></span> <span class='ocrx_word' id='word_1_168' title='bbox 1994 1020 2031 1056; x_wconf 93' lang='lat' dir='ltr'><strong>id</strong></span> <span class='ocrx_word' id='word_1_169' title='bbox 2064 1020 2161 1068; x_wconf 91' lang='lat' dir='ltr'><strong>quod</strong></span> <span class='ocrx_word' id='word_1_170' title='bbox 2195 1021 2274 1070; x_wconf 77' lang='lat' dir='ltr'><strong>Jam</strong></span> 
     </span>
     <span class='ocr_line' id='line_1_17' title="bbox 177 1071 1149 1120; baseline -0.004 -10"><span class='ocrx_word' id='word_1_171' title='bbox 177 1083 295 1120; x_wconf 81' lang='lat' dir='ltr'><strong>supra</strong></span> <span class='ocrx_word' id='word_1_172' title='bbox 322 1071 455 1108; x_wconf 91' lang='lat' dir='ltr'><strong>monui.</strong></span> <span class='ocrx_word' id='word_1_173' title='bbox 508 1072 590 1108; x_wconf 90' lang='lat' dir='ltr'><strong>Duo</strong></span> <span class='ocrx_word' id='word_1_174' title='bbox 617 1076 756 1108; x_wconf 91' lang='lat' dir='ltr'><strong>tantum</strong></span> <span class='ocrx_word' id='word_1_175' title='bbox 783 1072 954 1119; x_wconf 86' lang='lat' dir='ltr'><strong>exempla</strong></span> <span class='ocrx_word' id='word_1_176' title='bbox 981 1071 1149 1107; x_wconf 84' lang='lat' dir='ltr'><strong>afferam:</strong></span> 
     </span>
    </p>

    <p class='ocr_par' dir='ltr' id='par_1_5' title="bbox 305 1121 2272 1171">
     <span class='ocr_line' id='line_1_18' title="bbox 305 1121 2272 1171; baseline 0 -12"><span class='ocrx_word' id='word_1_177' title='bbox 305 1122 338 1159; x_wconf 89' lang='lat' dir='ltr'><strong>b.</strong></span> <span class='ocrx_word' id='word_1_178' title='bbox 367 1133 402 1170; x_wconf 91' lang='lat' dir='ltr'><strong>g.</strong></span> <span class='ocrx_word' id='word_1_179' title='bbox 431 1122 458 1169; x_wconf 95' lang='lat' dir='ltr'><strong>I,</strong></span> <span class='ocrx_word' id='word_1_180' title='bbox 489 1122 550 1169; x_wconf 89' lang='lat'><strong>53,</strong></span> <span class='ocrx_word' id='word_1_181' title='bbox 581 1122 614 1159; x_wconf 83' lang='lat'><strong>7.</strong></span> <span class='ocrx_word' id='word_1_182' title='bbox 669 1123 705 1159; x_wconf 90' lang='lat' dir='ltr'><strong>Is</strong></span> <span class='ocrx_word' id='word_1_183' title='bbox 731 1121 789 1171; x_wconf 86' lang='lat' dir='ltr'><strong>(G.</strong></span> <span class='ocrx_word' id='word_1_184' title='bbox 817 1121 985 1159; x_wconf 89' lang='lat' dir='ltr'><strong>Valerius</strong></span> <span class='ocrx_word' id='word_1_185' title='bbox 1011 1121 1202 1168; x_wconf 85' lang='lat' dir='ltr'><strong>Procillus)</strong></span> <span class='ocrx_word' id='word_1_186' title='bbox 1230 1132 1277 1167; x_wconf 86' lang='lat' dir='ltr'><strong>se</strong></span> <span class='ocrx_word' id='word_1_187' title='bbox 1293 1125 1488 1169; x_wconf 83' lang='lat' dir='ltr'><strong>praesente</strong></span> <span class='ocrx_word' id='word_1_188' title='bbox 1507 1121 1553 1158; x_wconf 92' lang='lat' dir='ltr'><strong>de</strong></span> <span class='ocrx_word' id='word_1_189' title='bbox 1572 1132 1612 1158; x_wconf 89' lang='lat' dir='ltr'><strong>se</strong></span> <span class='ocrx_word' id='word_1_190' title='bbox 1631 1125 1687 1158; x_wconf 87' lang='lat' dir='ltr'><strong>ter</strong></span> <span class='ocrx_word' id='word_1_191' title='bbox 1711 1122 1868 1159; x_wconf 90' lang='lat' dir='ltr'><strong>sortibus</strong></span> <span class='ocrx_word' id='word_1_192' title='bbox 1895 1123 2098 1159; x_wconf 90' lang='lat' dir='ltr'><strong>consultum</strong></span> <span class='ocrx_word' id='word_1_193' title='bbox 2118 1122 2272 1160; x_wconf 90' lang='lat' dir='ltr'><strong>dicebat.</strong></span> 
     </span>
    </p>

    <p class='ocr_par' dir='ltr' id='par_1_6' title="bbox 302 1172 1767 1222">
     <span class='ocr_line' id='line_1_19' title="bbox 302 1172 1767 1222; baseline 0.001 -12"><span class='ocrx_word' id='word_1_194' title='bbox 302 1174 337 1210; x_wconf 93' lang='lat' dir='ltr'><strong>b.</strong></span> <span class='ocrx_word' id='word_1_195' title='bbox 365 1185 399 1220; x_wconf 84' lang='lat' dir='ltr'><strong>g.</strong></span> <span class='ocrx_word' id='word_1_196' title='bbox 428 1174 456 1219; x_wconf 93' lang='lat' dir='ltr'><strong>I,</strong></span> <span class='ocrx_word' id='word_1_197' title='bbox 484 1173 546 1220; x_wconf 86' lang='grc'><strong>47,</strong></span> <span class='ocrx_word' id='word_1_198' title='bbox 575 1175 609 1210; x_wconf 89' lang='grc'><strong>6.</strong></span> <span class='ocrx_word' id='word_1_199' title='bbox 672 1203 680 1211; x_wconf 93' lang='grc'><strong>.</strong></span> <span class='ocrx_word' id='word_1_200' title='bbox 698 1202 705 1210; x_wconf 94' lang='grc'><strong>.</strong></span> <span class='ocrx_word' id='word_1_201' title='bbox 724 1202 732 1210; x_wconf 97' lang='grc'><strong><em>.</em></strong></span> <span class='ocrx_word' id='word_1_202' title='bbox 760 1173 921 1210; x_wconf 85' lang='lat' dir='ltr'><strong>exercitu</strong></span> <span class='ocrx_word' id='word_1_203' title='bbox 948 1184 1026 1210; x_wconf 88' lang='lat' dir='ltr'><strong>suo</strong></span> <span class='ocrx_word' id='word_1_204' title='bbox 1052 1176 1244 1220; x_wconf 86' lang='lat' dir='ltr'><strong>praesente</strong></span> <span class='ocrx_word' id='word_1_205' title='bbox 1271 1172 1493 1209; x_wconf 87' lang='lat' dir='ltr'><strong>exclamavit</strong></span> <span class='ocrx_word' id='word_1_206' title='bbox 1519 1172 1767 1222; x_wconf 89' lang='lat' dir='ltr'><strong>(Ariovistus).</strong></span> 
     </span>
    </p>

    <p class='ocr_par' dir='ltr' id='par_1_7' title="bbox 301 1223 2274 1273">
     <span class='ocr_line' id='line_1_20' title="bbox 301 1223 2274 1273; baseline 0 -12"><span class='ocrx_word' id='word_1_207' title='bbox 301 1223 507 1262; x_wconf 88' lang='lat' dir='ltr'><strong>Hocelucet</strong></span> <span class='ocrx_word' id='word_1_208' title='bbox 524 1235 667 1272; x_wconf 90' lang='lat' dir='ltr'><strong>quoque</strong></span> <span class='ocrx_word' id='word_1_209' title='bbox 684 1235 729 1262; x_wconf 87' lang='lat' dir='ltr'><strong>ex</strong></span> <span class='ocrx_word' id='word_1_210' title='bbox 752 1235 808 1272; x_wconf 92' lang='lat' dir='ltr'><strong>eo,</strong></span> <span class='ocrx_word' id='word_1_211' title='bbox 824 1223 921 1271; x_wconf 90' lang='lat' dir='ltr'><strong>quod</strong></span> <span class='ocrx_word' id='word_1_212' title='bbox 943 1234 1057 1272; x_wconf 85' lang='lat' dir='ltr'><strong>saepe</strong></span> <span class='ocrx_word' id='word_1_213' title='bbox 1072 1223 1210 1261; x_wconf 87' lang='lat' dir='ltr'><strong>Caesar</strong></span> <span class='ocrx_word' id='word_1_214' title='bbox 1226 1223 1428 1273; x_wconf 89' lang='lat' dir='ltr'><strong>subjectum</strong></span> <span class='ocrx_word' id='word_1_215' title='bbox 1446 1223 1545 1260; x_wconf 89' lang='lat' dir='ltr'><strong>verbi</strong></span> <span class='ocrx_word' id='word_1_216' title='bbox 1565 1223 1654 1261; x_wconf 89' lang='lat' dir='ltr'><strong>finiti</strong></span> <span class='ocrx_word' id='word_1_217' title='bbox 1676 1224 1845 1261; x_wconf 88' lang='lat' dir='ltr'><strong>ablativis</strong></span> <span class='ocrx_word' id='word_1_218' title='bbox 1859 1224 2035 1261; x_wconf 85' lang='lat' dir='ltr'><strong>absolutis</strong></span> <span class='ocrx_word' id='word_1_219' title='bbox 2046 1225 2274 1273; x_wconf 82' lang='lat' dir='ltr'><strong>interposuit:</strong></span> 
     </span>
    </p>

    <p class='ocr_par' dir='ltr' id='par_1_8' title="bbox 176 1274 2272 1374">
     <span class='ocr_line' id='line_1_21' title="bbox 302 1274 2272 1323; baseline 0.001 -11"><span class='ocrx_word' id='word_1_220' title='bbox 302 1275 334 1312; x_wconf 88' lang='lat' dir='ltr'><strong>b.</strong></span> <span class='ocrx_word' id='word_1_221' title='bbox 361 1287 398 1321; x_wconf 89' lang='lat' dir='ltr'><strong>g.</strong></span> <span class='ocrx_word' id='word_1_222' title='bbox 412 1276 474 1321; x_wconf 90' lang='lat' dir='ltr'><strong>VI,</strong></span> <span class='ocrx_word' id='word_1_223' title='bbox 502 1276 537 1320; x_wconf 87' lang='grc'><strong>9,</strong></span> <span class='ocrx_word' id='word_1_224' title='bbox 567 1275 602 1312; x_wconf 91' lang='grc'><strong>8.</strong></span> <span class='ocrx_word' id='word_1_225' title='bbox 643 1275 800 1322; x_wconf 88' lang='lat' dir='ltr'><strong>Cognita</strong></span> <span class='ocrx_word' id='word_1_226' title='bbox 813 1275 978 1313; x_wconf 85' lang='lat' dir='ltr'><strong>Caesar</strong></span> <span class='ocrx_word' id='word_1_227' title='bbox 1008 1286 1122 1312; x_wconf 88' lang='lat' dir='ltr'><strong>causa</strong></span> <span class='ocrx_word' id='word_1_228' title='bbox 1155 1274 1285 1322; x_wconf 89' lang='lat' dir='ltr'><strong>reperit</strong></span> <span class='ocrx_word' id='word_1_229' title='bbox 1311 1275 1357 1311; x_wconf 89' lang='lat' dir='ltr'><strong>ab</strong></span> <span class='ocrx_word' id='word_1_230' title='bbox 1371 1274 1660 1312; x_wconf 82' lang='lat' dir='ltr'><strong>Suevis¹auxilia</strong></span> <span class='ocrx_word' id='word_1_231' title='bbox 1678 1275 1791 1313; x_wconf 88' lang='lat' dir='ltr'><strong>missa</strong></span> <span class='ocrx_word' id='word_1_232' title='bbox 1818 1286 1911 1313; x_wconf 87' lang='lat' dir='ltr'><strong>esse.</strong></span> <span class='ocrx_word' id='word_1_233' title='bbox 1953 1275 2008 1313; x_wconf 83' lang='lat' dir='ltr'><strong>Cf.</strong></span> <span class='ocrx_word' id='word_1_234' title='bbox 2031 1276 2064 1312; x_wconf 95' lang='lat' dir='ltr'><strong>b.</strong></span> <span class='ocrx_word' id='word_1_235' title='bbox 2085 1287 2121 1323; x_wconf 91' lang='lat' dir='ltr'><strong>g.</strong></span> <span class='ocrx_word' id='word_1_236' title='bbox 2137 1276 2182 1322; x_wconf 92' lang='lat' dir='ltr'><strong>II,</strong></span> <span class='ocrx_word' id='word_1_237' title='bbox 2216 1278 2272 1323; x_wconf 89' lang='lat'><strong>11,</strong></span> 
     </span>
     <span class='ocr_line' id='line_1_22' title="bbox 176 1325 847 1374; baseline -0.004 -10"><span class='ocrx_word' id='word_1_238' title='bbox 176 1326 221 1374; x_wconf 80' lang='lat'><strong>23</strong></span> <span class='ocrx_word' id='word_1_239' title='bbox 261 1326 307 1373; x_wconf 90' lang='lat' dir='ltr'><strong>H,</strong></span> <span class='ocrx_word' id='word_1_240' title='bbox 335 1325 396 1372; x_wconf 81' lang='lat'><strong>32,</strong></span> <span class='ocrx_word' id='word_1_241' title='bbox 424 1325 467 1373; x_wconf 82' lang='lat'><strong>33</strong></span> <span class='ocrx_word' id='word_1_242' title='bbox 508 1325 541 1362; x_wconf 89' lang='lat' dir='ltr'><strong>b.</strong></span> <span class='ocrx_word' id='word_1_243' title='bbox 570 1337 601 1363; x_wconf 92' lang='lat' dir='ltr'><strong>c.</strong></span> <span class='ocrx_word' id='word_1_244' title='bbox 628 1326 694 1374; x_wconf 91' lang='grc' dir='ltr'><strong>ΠΙ,</strong></span> <span class='ocrx_word' id='word_1_245' title='bbox 722 1326 783 1374; x_wconf 83' lang='grc'><strong>62,</strong></span> <span class='ocrx_word' id='word_1_246' title='bbox 813 1327 847 1362; x_wconf 93' lang='grc'><strong>1.</strong></span> 
     </span>
    </p>

    <p class='ocr_par' dir='ltr' id='par_1_9' title="bbox 179 1374 2274 1477">
     <span class='ocr_line' id='line_1_23' title="bbox 302 1374 2274 1426; baseline 0.001 -12"><span class='ocrx_word' id='word_1_247' title='bbox 302 1378 335 1414; x_wconf 93' lang='lat' dir='ltr'><strong>b.</strong></span> <span class='ocrx_word' id='word_1_248' title='bbox 369 1389 404 1425; x_wconf 87' lang='lat' dir='ltr'><strong>g.</strong></span> <span class='ocrx_word' id='word_1_249' title='bbox 437 1378 466 1425; x_wconf 92' lang='lat' dir='ltr'><strong>I,</strong></span> <span class='ocrx_word' id='word_1_250' title='bbox 499 1377 560 1424; x_wconf 89' lang='lat'><strong>44,</strong></span> <span class='ocrx_word' id='word_1_251' title='bbox 603 1378 661 1415; x_wconf 90' lang='grc'><strong>10.</strong></span> <span class='ocrx_word' id='word_1_252' title='bbox 720 1377 864 1415; x_wconf 89' lang='lat' dir='ltr'><strong>Debere</strong></span> <span class='ocrx_word' id='word_1_253' title='bbox 904 1389 944 1415; x_wconf 91' lang='lat' dir='ltr'><strong>se</strong></span> <span class='ocrx_word' id='word_1_254' title='bbox 978 1374 1230 1426; x_wconf 90' lang='lat' dir='ltr'><strong>(Ariovistum)</strong></span> <span class='ocrx_word' id='word_1_255' title='bbox 1263 1375 1441 1425; x_wconf 86' lang='lat' dir='ltr'><strong>suspicari</strong></span> <span class='ocrx_word' id='word_1_256' title='bbox 1480 1376 1651 1414; x_wconf 87' lang='lat' dir='ltr'><strong>simulata</strong></span> <span class='ocrx_word' id='word_1_257' title='bbox 1684 1376 1923 1415; x_wconf 87' lang='lat' dir='ltr'><strong>Caesarem</strong></span> <span class='ocrx_word' id='word_1_258' title='bbox 1964 1377 2136 1426; x_wconf 87' lang='lat' dir='ltr'><strong>amicitia,</strong></span> <span class='ocrx_word' id='word_1_259' title='bbox 2178 1377 2274 1425; x_wconf 92' lang='lat' dir='ltr'><strong>quod</strong></span> 
     </span>
     <span class='ocr_line' id='line_1_24' title="bbox 179 1428 1413 1477; baseline -0.003 -11"><span class='ocrx_word' id='word_1_260' title='bbox 179 1428 378 1466; x_wconf 86' lang='lat' dir='ltr'><strong>exercitum</strong></span> <span class='ocrx_word' id='word_1_261' title='bbox 406 1428 443 1465; x_wconf 90' lang='lat' dir='ltr'><strong>in</strong></span> <span class='ocrx_word' id='word_1_262' title='bbox 470 1428 593 1466; x_wconf 83' lang='lat' dir='ltr'><strong>Gallia</strong></span> <span class='ocrx_word' id='word_1_263' title='bbox 620 1428 766 1476; x_wconf 88' lang='lat' dir='ltr'><strong>habeat,</strong></span> <span class='ocrx_word' id='word_1_264' title='bbox 794 1429 849 1465; x_wconf 88' lang='lat' dir='ltr'><strong>sui</strong></span> <span class='ocrx_word' id='word_1_265' title='bbox 875 1428 1100 1477; x_wconf 89' lang='lat' dir='ltr'><strong>opprimendi</strong></span> <span class='ocrx_word' id='word_1_266' title='bbox 1128 1438 1241 1465; x_wconf 86' lang='lat' dir='ltr'><strong>causa</strong></span> <span class='ocrx_word' id='word_1_267' title='bbox 1265 1428 1413 1465; x_wconf 89' lang='lat' dir='ltr'><strong>habere.</strong></span> 
     </span>
    </p>

    <p class='ocr_par' dir='ltr' id='par_1_10' title="bbox 180 1478 2276 1629">
     <span class='ocr_line' id='line_1_25' title="bbox 303 1478 2275 1527; baseline 0.002 -13"><span class='ocrx_word' id='word_1_268' title='bbox 303 1478 441 1522; x_wconf 85' lang='lat' dir='ltr'><strong>Quibus</strong></span> <span class='ocrx_word' id='word_1_269' title='bbox 474 1491 542 1526; x_wconf 88' lang='lat' dir='ltr'><strong>pro</strong></span> <span class='ocrx_word' id='word_1_270' title='bbox 574 1481 670 1517; x_wconf 89' lang='lat' dir='ltr'><strong>veris</strong></span> <span class='ocrx_word' id='word_1_271' title='bbox 703 1480 865 1527; x_wconf 88' lang='lat' dir='ltr'><strong>acceptis</strong></span> <span class='ocrx_word' id='word_1_272' title='bbox 897 1479 1051 1516; x_wconf 86' lang='lat' dir='ltr'><strong>efficitur</strong></span> <span class='ocrx_word' id='word_1_273' title='bbox 1082 1490 1236 1526; x_wconf 91' lang='lat' dir='ltr'><strong>quoque,</strong></span> <span class='ocrx_word' id='word_1_274' title='bbox 1270 1478 1450 1515; x_wconf 84' lang='lat' dir='ltr'><strong>ablativos</strong></span> <span class='ocrx_word' id='word_1_275' title='bbox 1485 1478 1671 1516; x_wconf 86' lang='lat' dir='ltr'><strong>absolutos</strong></span> <span class='ocrx_word' id='word_1_276' title='bbox 1703 1491 1776 1516; x_wconf 90' lang='lat' dir='ltr'><strong>non</strong></span> <span class='ocrx_word' id='word_1_277' title='bbox 1810 1492 1892 1517; x_wconf 90' lang='lat' dir='ltr'><strong>esse</strong></span> <span class='ocrx_word' id='word_1_278' title='bbox 1932 1480 2220 1527; x_wconf 84' lang='lat' dir='ltr'><strong>interpunctione</strong></span> <span class='ocrx_word' id='word_1_279' title='bbox 2252 1492 2275 1516; x_wconf 91' lang='lat' dir='ltr'><strong>a</strong></span> 
     </span>
     <span class='ocr_line' id='line_1_26' title="bbox 182 1528 2276 1580; baseline 0 -13"><span class='ocrx_word' id='word_1_280' title='bbox 182 1530 294 1567; x_wconf 82' lang='lat' dir='ltr'><strong>verbo</strong></span> <span class='ocrx_word' id='word_1_281' title='bbox 321 1529 422 1568; x_wconf 90' lang='lat' dir='ltr'><strong>finito</strong></span> <span class='ocrx_word' id='word_1_282' title='bbox 449 1529 688 1579; x_wconf 79' lang='lat' dir='ltr'><strong>dirimendos3</strong></span> <span class='ocrx_word' id='word_1_283' title='bbox 729 1530 795 1568; x_wconf 89' lang='lat' dir='ltr'><strong>sed</strong></span> <span class='ocrx_word' id='word_1_284' title='bbox 822 1530 891 1568; x_wconf 91' lang='lat' dir='ltr'><strong>hoc</strong></span> <span class='ocrx_word' id='word_1_285' title='bbox 916 1535 1090 1578; x_wconf 88' lang='lat' dir='ltr'><strong>tanquam</strong></span> <span class='ocrx_word' id='word_1_286' title='bbox 1117 1534 1389 1579; x_wconf 87' lang='lat' dir='ltr'><strong>praetereuntes</strong></span> <span class='ocrx_word' id='word_1_287' title='bbox 1416 1528 1683 1568; x_wconf 86' lang='lat' dir='ltr'><strong>adnotavimus.</strong></span> <span class='ocrx_word' id='word_1_288' title='bbox 1735 1530 1817 1568; x_wconf 86' lang='lat' dir='ltr'><strong>Jam</strong></span> <span class='ocrx_word' id='word_1_289' title='bbox 1851 1530 2079 1580; x_wconf 87' lang='lat' dir='ltr'><strong>proferamus</strong></span> <span class='ocrx_word' id='word_1_290' title='bbox 2106 1531 2276 1580; x_wconf 87' lang='lat' dir='ltr'><strong>exempla</strong></span> 
     </span>
     <span class='ocr_line' id='line_1_27' title="bbox 180 1581 1514 1629; baseline 0 -12"><span class='ocrx_word' id='word_1_291' title='bbox 180 1581 426 1618; x_wconf 89' lang='lat' dir='ltr'><strong>ablativorum</strong></span> <span class='ocrx_word' id='word_1_292' title='bbox 454 1582 699 1619; x_wconf 82' lang='lat' dir='ltr'><strong>absolutorum</strong></span> <span class='ocrx_word' id='word_1_293' title='bbox 727 1582 921 1629; x_wconf 87' lang='lat' dir='ltr'><strong>quaedam,</strong></span> <span class='ocrx_word' id='word_1_294' title='bbox 949 1582 1077 1628; x_wconf 92' lang='lat' dir='ltr'><strong>quibus</strong></span> <span class='ocrx_word' id='word_1_295' title='bbox 1103 1587 1247 1629; x_wconf 88' lang='lat' dir='ltr'><strong>tempus</strong></span> <span class='ocrx_word' id='word_1_296' title='bbox 1273 1581 1514 1628; x_wconf 88' lang='lat' dir='ltr'><strong>significatur:</strong></span> 
     </span>
    </p>

    <p class='ocr_par' dir='ltr' id='par_1_11' title="bbox 181 1632 2272 1733">
     <span class='ocr_line' id='line_1_28' title="bbox 305 1632 2272 1682; baseline 0.001 -13"><span class='ocrx_word' id='word_1_297' title='bbox 305 1632 337 1669; x_wconf 92' lang='lat' dir='ltr'><strong>b.</strong></span> <span class='ocrx_word' id='word_1_298' title='bbox 374 1645 410 1681; x_wconf 88' lang='lat' dir='ltr'><strong>g.</strong></span> <span class='ocrx_word' id='word_1_299' title='bbox 444 1632 505 1681; x_wconf 93' lang='lat' dir='ltr'><strong>IV,</strong></span> <span class='ocrx_word' id='word_1_300' title='bbox 543 1633 601 1681; x_wconf 83' lang='lat'><strong>12,</strong></span> <span class='ocrx_word' id='word_1_301' title='bbox 637 1633 671 1671; x_wconf 81' lang='lat'><strong>2.</strong></span> <span class='ocrx_word' id='word_1_302' title='bbox 820 1632 909 1672; x_wconf 90' lang='lat' dir='ltr'><strong>nihil</strong></span> <span class='ocrx_word' id='word_1_303' title='bbox 946 1633 1200 1671; x_wconf 87' lang='lat' dir='ltr'><strong>timentibus</strong></span> <span class='ocrx_word' id='word_1_304' title='bbox 1240 1633 1402 1671; x_wconf 84' lang='lat' dir='ltr'><strong>nostris</strong></span> <span class='ocrx_word' id='word_1_305' title='bbox 1444 1660 1536 1670; x_wconf 80' lang='lat'><strong>....</strong></span> <span class='ocrx_word' id='word_1_306' title='bbox 1572 1632 1734 1682; x_wconf 90' lang='lat' dir='ltr'><strong>impetu</strong></span> <span class='ocrx_word' id='word_1_307' title='bbox 1775 1633 1939 1671; x_wconf 89' lang='lat' dir='ltr'><strong>celeriter</strong></span> <span class='ocrx_word' id='word_1_308' title='bbox 1971 1633 2091 1671; x_wconf 89' lang='lat' dir='ltr'><strong>facto</strong></span> <span class='ocrx_word' id='word_1_309' title='bbox 2131 1638 2272 1671; x_wconf 86' lang='lat' dir='ltr'><strong>nostros</strong></span> 
     </span>
     <span class='ocr_line' id='line_1_29' title="bbox 181 1683 1868 1733; baseline 0.001 -12"><span class='ocrx_word' id='word_1_310' title='bbox 181 1684 504 1732; x_wconf 75' lang='lat' dir='ltr'><strong>perturbaverunt,</strong></span> <span class='ocrx_word' id='word_1_311' title='bbox 543 1697 668 1722; x_wconf 88' lang='lat' dir='ltr'><strong>rursus</strong></span> <span class='ocrx_word' id='word_1_312' title='bbox 696 1684 1010 1723; x_wconf 88' lang='lat' dir='ltr'><strong>resistentibus</strong></span> <span class='ocrx_word' id='word_1_313' title='bbox 1037 1684 1296 1722; x_wconf 88' lang='lat' dir='ltr'><strong>consuetudine</strong></span> <span class='ocrx_word' id='word_1_314' title='bbox 1323 1697 1390 1722; x_wconf 87' lang='lat' dir='ltr'><strong>sua</strong></span> <span class='ocrx_word' id='word_1_315' title='bbox 1416 1684 1466 1721; x_wconf 90' lang='lat' dir='ltr'><strong>ad</strong></span> <span class='ocrx_word' id='word_1_316' title='bbox 1493 1683 1608 1733; x_wconf 90' lang='lat' dir='ltr'><strong>pedes</strong></span> <span class='ocrx_word' id='word_1_317' title='bbox 1635 1684 1868 1722; x_wconf 88' lang='lat' dir='ltr'><strong>desiluerunt.</strong></span> 
     </span>
    </p>

    <p class='ocr_par' dir='ltr' id='par_1_12' title="bbox 180 1735 2273 1835">
     <span class='ocr_line' id='line_1_30' title="bbox 304 1735 2273 1784; baseline -0.001 -12"><span class='ocrx_word' id='word_1_318' title='bbox 304 1735 338 1773; x_wconf 94' lang='lat' dir='ltr'><strong>b.</strong></span> <span class='ocrx_word' id='word_1_319' title='bbox 371 1746 406 1782; x_wconf 88' lang='lat' dir='ltr'><strong>g.</strong></span> <span class='ocrx_word' id='word_1_320' title='bbox 439 1736 467 1782; x_wconf 92' lang='lat' dir='ltr'><strong>I,</strong></span> <span class='ocrx_word' id='word_1_321' title='bbox 501 1735 563 1783; x_wconf 87' lang='lat'><strong>45,</strong></span> <span class='ocrx_word' id='word_1_322' title='bbox 601 1737 636 1773; x_wconf 82' lang='lat'><strong>2.</strong></span> <span class='ocrx_word' id='word_1_323' title='bbox 691 1764 699 1773; x_wconf 90' lang='lat'><strong>.</strong></span> <span class='ocrx_word' id='word_1_324' title='bbox 717 1763 750 1774; x_wconf 89' lang='lat'><strong>..</strong></span> <span class='ocrx_word' id='word_1_325' title='bbox 778 1736 998 1773; x_wconf 89' lang='lat' dir='ltr'><strong>Ariovistum</strong></span> <span class='ocrx_word' id='word_1_326' title='bbox 1033 1746 1079 1773; x_wconf 90' lang='lat' dir='ltr'><strong>se</strong></span> <span class='ocrx_word' id='word_1_327' title='bbox 1112 1736 1295 1773; x_wconf 88' lang='lat' dir='ltr'><strong>consule</strong></span> <span class='ocrx_word' id='word_1_328' title='bbox 1327 1736 1558 1784; x_wconf 86' lang='lat' dir='ltr'><strong>cupidissime</strong></span> <span class='ocrx_word' id='word_1_329' title='bbox 1590 1736 1716 1784; x_wconf 89' lang='lat' dir='ltr'><strong>populi</strong></span> <span class='ocrx_word' id='word_1_330' title='bbox 1743 1737 1897 1773; x_wconf 91' lang='lat' dir='ltr'><strong>Romani</strong></span> <span class='ocrx_word' id='word_1_331' title='bbox 1932 1736 2126 1772; x_wconf 87' lang='lat' dir='ltr'><strong>amicitiam</strong></span> <span class='ocrx_word' id='word_1_332' title='bbox 2161 1747 2273 1784; x_wconf 90' lang='lat' dir='ltr'><strong>appe-</strong></span> 
     </span>
     <span class='ocr_line' id='line_1_31' title="bbox 180 1785 1797 1835; baseline 0.001 -13"><span class='ocrx_word' id='word_1_333' title='bbox 180 1786 319 1823; x_wconf 88' lang='lat' dir='ltr'><strong>tivisse.</strong></span> <span class='ocrx_word' id='word_1_334' title='bbox 375 1785 478 1830; x_wconf 85' lang='lat' dir='ltr'><strong>Quae</strong></span> <span class='ocrx_word' id='word_1_335' title='bbox 506 1787 677 1835; x_wconf 82' lang='lat' dir='ltr'><strong>exempla</strong></span> <span class='ocrx_word' id='word_1_336' title='bbox 703 1799 811 1833; x_wconf 90' lang='lat' dir='ltr'><strong>quum</strong></span> <span class='ocrx_word' id='word_1_337' title='bbox 838 1787 974 1834; x_wconf 87' lang='lat' dir='ltr'><strong>passim</strong></span> <span class='ocrx_word' id='word_1_338' title='bbox 1002 1787 1086 1823; x_wconf 87' lang='lat' dir='ltr'><strong>obia</strong></span> <span class='ocrx_word' id='word_1_339' title='bbox 1113 1787 1195 1833; x_wconf 85' lang='lat' dir='ltr'><strong>sint,</strong></span> <span class='ocrx_word' id='word_1_340' title='bbox 1222 1787 1297 1823; x_wconf 85' lang='lat' dir='ltr'><strong>alia</strong></span> <span class='ocrx_word' id='word_1_341' title='bbox 1323 1798 1536 1823; x_wconf 90' lang='lat' dir='ltr'><strong>enumerare</strong></span> <span class='ocrx_word' id='word_1_342' title='bbox 1563 1786 1797 1833; x_wconf 87' lang='lat' dir='ltr'><strong>supersedeo.</strong></span> 
     </span>
    </p>

    <p class='ocr_par' dir='ltr' id='par_1_13' title="bbox 176 1835 2273 1976">
     <span class='ocr_line' id='line_1_32' title="bbox 302 1835 2273 1885; baseline -0.001 -12"><span class='ocrx_word' id='word_1_343' title='bbox 302 1835 445 1884; x_wconf 83' lang='lat' dir='ltr'><strong>Modus,</strong></span> <span class='ocrx_word' id='word_1_344' title='bbox 478 1837 581 1884; x_wconf 89' lang='lat' dir='ltr'><strong>ratio,</strong></span> <span class='ocrx_word' id='word_1_345' title='bbox 615 1848 689 1885; x_wconf 91' lang='lat' dir='ltr'><strong>qua</strong></span> <span class='ocrx_word' id='word_1_346' title='bbox 719 1848 778 1874; x_wconf 88' lang='lat' dir='ltr'><strong>res</strong></span> <span class='ocrx_word' id='word_1_347' title='bbox 809 1837 954 1885; x_wconf 83' lang='lat' dir='ltr'><strong>geritur,</strong></span> <span class='ocrx_word' id='word_1_348' title='bbox 982 1837 1019 1873; x_wconf 90' lang='lat' dir='ltr'><strong>in</strong></span> <span class='ocrx_word' id='word_1_349' title='bbox 1045 1837 1102 1874; x_wconf 92' lang='lat' dir='ltr'><strong>his</strong></span> <span class='ocrx_word' id='word_1_350' title='bbox 1128 1838 1306 1885; x_wconf 85' lang='lat' dir='ltr'><strong>exemplis</strong></span> <span class='ocrx_word' id='word_1_351' title='bbox 1332 1837 1537 1874; x_wconf 86' lang='lat' dir='ltr'><strong>exhibetur:</strong></span> <span class='ocrx_word' id='word_1_352' title='bbox 1578 1837 1659 1884; x_wconf 87' lang='lat' dir='ltr'><strong>VH,</strong></span> <span class='ocrx_word' id='word_1_353' title='bbox 1686 1838 1747 1885; x_wconf 90' lang='lat'><strong>58,</strong></span> <span class='ocrx_word' id='word_1_354' title='bbox 1776 1838 1798 1873; x_wconf 91' lang='lat'>8</span> <span class='ocrx_word' id='word_1_355' title='bbox 1815 1866 1823 1874; x_wconf 92' lang='lat'><strong>.</strong></span> <span class='ocrx_word' id='word_1_356' title='bbox 1840 1866 1848 1874; x_wconf 91' lang='lat'><strong>.</strong></span> <span class='ocrx_word' id='word_1_357' title='bbox 1865 1864 1872 1872; x_wconf 90' lang='lat'><strong>.</strong></span> <span class='ocrx_word' id='word_1_358' title='bbox 1890 1866 1899 1874; x_wconf 95' lang='lat'><strong>.</strong></span> <span class='ocrx_word' id='word_1_359' title='bbox 1928 1836 2088 1875; x_wconf 89' lang='lat' dir='ltr'><strong>secundo</strong></span> <span class='ocrx_word' id='word_1_360' title='bbox 2115 1836 2273 1873; x_wconf 88' lang='lat' dir='ltr'><strong>flumine.</strong></span> 
     </span>
     <span class='ocr_line' id='line_1_33' title="bbox 178 1887 2273 1975; baseline -0 -50"><span class='ocrx_word' id='word_1_361' title='bbox 178 1888 259 1936; x_wconf 89' lang='lat' dir='ltr'><strong>VH,</strong></span> <span class='ocrx_word' id='word_1_362' title='bbox 283 1889 347 1975; x_wconf 61' lang='lat' dir='ltr'><strong>f60,</strong></span> <span class='ocrx_word' id='word_1_363' title='bbox 381 1888 422 1925; x_wconf 91' lang='lat'><strong>3:</strong></span> <span class='ocrx_word' id='word_1_364' title='bbox 460 1887 616 1926; x_wconf 88' lang='lat' dir='ltr'><strong>adverso</strong></span> <span class='ocrx_word' id='word_1_365' title='bbox 643 1888 801 1927; x_wconf 89' lang='lat' dir='ltr'><strong>flumine.</strong></span> <span class='ocrx_word' id='word_1_366' title='bbox 842 1888 897 1927; x_wconf 81' lang='lat' dir='ltr'><strong>Cf.</strong></span> <span class='ocrx_word' id='word_1_367' title='bbox 930 1888 964 1925; x_wconf 90' lang='lat' dir='ltr'><strong>b.</strong></span> <span class='ocrx_word' id='word_1_368' title='bbox 998 1900 1028 1925; x_wconf 93' lang='lat' dir='ltr'><strong>c.</strong></span> <span class='ocrx_word' id='word_1_369' title='bbox 1057 1889 1122 1934; x_wconf 95' lang='lat' dir='ltr'><strong>III,</strong></span> <span class='ocrx_word' id='word_1_370' title='bbox 1157 1887 1217 1936; x_wconf 88' lang='grc'><strong>30,</strong></span> <span class='ocrx_word' id='word_1_371' title='bbox 1250 1888 1292 1937; x_wconf 82' lang='lat'><strong>43</strong></span> <span class='ocrx_word' id='word_1_372' title='bbox 1345 1888 1378 1926; x_wconf 89' lang='lat' dir='ltr'><strong>b.</strong></span> <span class='ocrx_word' id='word_1_373' title='bbox 1411 1901 1446 1937; x_wconf 87' lang='lat' dir='ltr'><strong>g.</strong></span> <span class='ocrx_word' id='word_1_374' title='bbox 1481 1889 1510 1936; x_wconf 93' lang='grc' dir='ltr'><strong>Ι,</strong></span> <span class='ocrx_word' id='word_1_375' title='bbox 1552 1889 1586 1935; x_wconf 90' lang='lat'><strong>8,</strong></span> <span class='ocrx_word' id='word_1_376' title='bbox 1617 1888 1658 1926; x_wconf 80' lang='lat'><strong>2:</strong></span> <span class='ocrx_word' id='word_1_377' title='bbox 1702 1900 1743 1926; x_wconf 89' lang='lat' dir='ltr'><strong>se</strong></span> <span class='ocrx_word' id='word_1_378' title='bbox 1770 1889 1881 1926; x_wconf 91' lang='lat' dir='ltr'><strong>invito</strong></span> <span class='ocrx_word' id='word_1_379' title='bbox 1909 1889 1941 1926; x_wconf 91' lang='lat' dir='ltr'><strong>b.</strong></span> <span class='ocrx_word' id='word_1_380' title='bbox 1969 1901 2003 1937; x_wconf 90' lang='lat' dir='ltr'><strong>g.</strong></span> <span class='ocrx_word' id='word_1_381' title='bbox 2036 1888 2105 1926; x_wconf 93' lang='lat' dir='ltr'><strong>VII</strong></span> <span class='ocrx_word' id='word_1_382' title='bbox 2137 1887 2197 1935; x_wconf 84' lang='lat'><strong>82,</strong></span> <span class='ocrx_word' id='word_1_383' title='bbox 2232 1888 2273 1924; x_wconf 86' lang='lat'><strong>4:</strong></span> 
     </span>
     <span class='ocr_line' id='line_1_34' title="bbox 176 1939 391 1976; baseline -0.005 0"><span class='ocrx_word' id='word_1_384' title='bbox 176 1950 219 1976; x_wconf 88' lang='lat' dir='ltr'><strong>re</strong></span> <span class='ocrx_word' id='word_1_385' title='bbox 245 1939 281 1975; x_wconf 93' lang='lat' dir='ltr'><strong>in</strong></span> <span class='ocrx_word' id='word_1_386' title='bbox 299 1944 391 1976; x_wconf 87' lang='lat' dir='ltr'><strong>ecta.</strong></span> 
     </span>
    </p>

    <p class='ocr_par' dir='ltr' id='par_1_14' title="bbox 304 1989 2272 2039">
     <span class='ocr_line' id='line_1_35' title="bbox 304 1989 2272 2039; baseline -0.001 -11"><span class='ocrx_word' id='word_1_387' title='bbox 304 1990 570 2038; x_wconf 87' lang='lat' dir='ltr'><strong>Nonnunquam</strong></span> <span class='ocrx_word' id='word_1_388' title='bbox 599 1991 748 2028; x_wconf 87' lang='lat' dir='ltr'><strong>ablativi</strong></span> <span class='ocrx_word' id='word_1_389' title='bbox 781 1991 936 2029; x_wconf 88' lang='lat' dir='ltr'><strong>absoluti</strong></span> <span class='ocrx_word' id='word_1_390' title='bbox 970 1991 1076 2027; x_wconf 87' lang='lat' dir='ltr'><strong>etiam</strong></span> <span class='ocrx_word' id='word_1_391' title='bbox 1111 1990 1261 2028; x_wconf 86' lang='lat' dir='ltr'><strong>ablativi</strong></span> <span class='ocrx_word' id='word_1_392' title='bbox 1291 1991 1515 2028; x_wconf 87' lang='lat' dir='ltr'><strong>instrumenti</strong></span> <span class='ocrx_word' id='word_1_393' title='bbox 1547 1992 1605 2028; x_wconf 90' lang='lat' dir='ltr'><strong>vel</strong></span> <span class='ocrx_word' id='word_1_394' title='bbox 1635 2002 1770 2029; x_wconf 87' lang='lat' dir='ltr'><strong>causae</strong></span> <span class='ocrx_word' id='word_1_395' title='bbox 1797 1991 1934 2028; x_wconf 88' lang='lat' dir='ltr'><strong>vicibus</strong></span> <span class='ocrx_word' id='word_1_396' title='bbox 1961 1990 2061 2039; x_wconf 88' lang='lat' dir='ltr'><strong>fungi</strong></span> <span class='ocrx_word' id='word_1_397' title='bbox 2088 1989 2272 2028; x_wconf 86' lang='lat' dir='ltr'><strong>videntur:</strong></span> 
     </span>
    </p>
   </div>
   <div class='ocr_carea' id='block_1_5' title="bbox 174 2042 2273 2243">
    <p class='ocr_par' dir='ltr' id='par_1_15' title="bbox 174 2042 2273 2194">
     <span class='ocr_line' id='line_1_36' title="bbox 303 2042 2272 2091; baseline 0.001 -12"><span class='ocrx_word' id='word_1_398' title='bbox 303 2042 336 2079; x_wconf 96' lang='lat' dir='ltr'><strong>b.</strong></span> <span class='ocrx_word' id='word_1_399' title='bbox 371 2055 407 2089; x_wconf 85' lang='lat' dir='ltr'><strong>g.</strong></span> <span class='ocrx_word' id='word_1_400' title='bbox 442 2043 506 2090; x_wconf 91' lang='lat' dir='ltr'><strong>III,</strong></span> <span class='ocrx_word' id='word_1_401' title='bbox 553 2043 609 2090; x_wconf 88' lang='lat'><strong>14,</strong></span> <span class='ocrx_word' id='word_1_402' title='bbox 653 2045 669 2080; x_wconf 93' lang='lat'>1</span> <span class='ocrx_word' id='word_1_403' title='bbox 801 2043 860 2080; x_wconf 91' lang='lat' dir='ltr'><strong>ubi</strong></span> <span class='ocrx_word' id='word_1_404' title='bbox 899 2043 1076 2080; x_wconf 85' lang='lat' dir='ltr'><strong>intellexit</strong></span> <span class='ocrx_word' id='word_1_405' title='bbox 1114 2042 1249 2080; x_wconf 87' lang='lat' dir='ltr'><strong>frustra</strong></span> <span class='ocrx_word' id='word_1_406' title='bbox 1286 2048 1423 2081; x_wconf 90' lang='lat' dir='ltr'><strong>tantum</strong></span> <span class='ocrx_word' id='word_1_407' title='bbox 1455 2043 1616 2081; x_wconf 87' lang='lat' dir='ltr'><strong>laborem</strong></span> <span class='ocrx_word' id='word_1_408' title='bbox 1650 2044 1753 2091; x_wconf 90' lang='lat' dir='ltr'><strong>sumi,</strong></span> <span class='ocrx_word' id='word_1_409' title='bbox 1795 2053 1912 2091; x_wconf 89' lang='lat' dir='ltr'><strong>neque</strong></span> <span class='ocrx_word' id='word_1_410' title='bbox 1952 2042 2107 2080; x_wconf 90' lang='lat' dir='ltr'><strong>hostium</strong></span> <span class='ocrx_word' id='word_1_411' title='bbox 2147 2042 2272 2091; x_wconf 86' lang='lat' dir='ltr'><strong>fugam</strong></span> 
     </span>
     <span class='ocr_line' id='line_1_37' title="bbox 176 2093 2273 2144; baseline -0 -12"><span class='ocrx_word' id='word_1_412' title='bbox 176 2094 326 2143; x_wconf 87' lang='lat' dir='ltr'><strong>captis</strong></span> <span class='ocrx_word' id='word_1_413' title='bbox 341 2093 522 2142; x_wconf 90' lang='lat' dir='ltr'><strong>oppidis</strong></span> <span class='ocrx_word' id='word_1_414' title='bbox 536 2095 682 2143; x_wconf 84' lang='lat' dir='ltr'><strong>reprimi</strong></span> <span class='ocrx_word' id='word_1_415' title='bbox 709 2123 719 2131; x_wconf 92' lang='lat'><strong>.</strong></span> <span class='ocrx_word' id='word_1_416' title='bbox 737 2122 745 2130; x_wconf 92' lang='lat'><strong>.</strong></span> <span class='ocrx_word' id='word_1_417' title='bbox 761 2123 770 2132; x_wconf 91' lang='lat'><strong>.</strong></span> <span class='ocrx_word' id='word_1_418' title='bbox 787 2123 795 2131; x_wconf 95' lang='lat'><strong>.</strong></span> <span class='ocrx_word' id='word_1_419' title='bbox 823 2117 874 2122; x_wconf 94' lang='lat'>—</span> <span class='ocrx_word' id='word_1_420' title='bbox 901 2095 948 2131; x_wconf 88' lang='lat' dir='ltr'><strong>Et</strong></span> <span class='ocrx_word' id='word_1_421' title='bbox 960 2094 997 2131; x_wconf 93' lang='lat' dir='ltr'><strong>in</strong></span> <span class='ocrx_word' id='word_1_422' title='bbox 1016 2094 1144 2132; x_wconf 87' lang='lat' dir='ltr'><strong>eodem</strong></span> <span class='ocrx_word' id='word_1_423' title='bbox 1173 2095 1295 2143; x_wconf 88' lang='lat' dir='ltr'><strong>capite</strong></span> <span class='ocrx_word' id='word_1_424' title='bbox 1324 2096 1365 2132; x_wconf 92' lang='lat'><strong>6:</strong></span> <span class='ocrx_word' id='word_1_425' title='bbox 1406 2095 1473 2132; x_wconf 90' lang='lat' dir='ltr'><strong>His</strong></span> <span class='ocrx_word' id='word_1_426' title='bbox 1496 2094 1684 2144; x_wconf 85' lang='lat' dir='ltr'><strong>(falcibus)</strong></span> <span class='ocrx_word' id='word_1_427' title='bbox 1704 2106 1784 2133; x_wconf 90' lang='lat' dir='ltr'><strong>cum</strong></span> <span class='ocrx_word' id='word_1_428' title='bbox 1805 2095 1909 2132; x_wconf 86' lang='lat' dir='ltr'><strong>funes</strong></span> <span class='ocrx_word' id='word_1_429' title='bbox 1926 2123 2037 2131; x_wconf 93' lang='grc'><strong>.....</strong></span> <span class='ocrx_word' id='word_1_430' title='bbox 2054 2093 2273 2142; x_wconf 85' lang='lat' dir='ltr'><strong>adductique</strong></span> 
     </span>
     <span class='ocr_line' id='line_1_38' title="bbox 174 2145 1242 2194; baseline -0.001 -11"><span class='ocrx_word' id='word_1_431' title='bbox 174 2149 294 2193; x_wconf 85' lang='lat' dir='ltr'><strong>crant,</strong></span> <span class='ocrx_word' id='word_1_432' title='bbox 323 2145 504 2191; x_wconf 88' lang='lat' dir='ltr'><strong>navigio</strong></span> <span class='ocrx_word' id='word_1_433' title='bbox 533 2145 640 2183; x_wconf 89' lang='lat' dir='ltr'><strong>remis</strong></span> <span class='ocrx_word' id='word_1_434' title='bbox 667 2146 856 2183; x_wconf 88' lang='lat' dir='ltr'><strong>incitato</strong></span> <span class='ocrx_word' id='word_1_435' title='bbox 883 2146 1242 2194; x_wconf 86' lang='lat' dir='ltr'><strong>praerumpebantur.</strong></span> 
     </span>
    </p>

    <p class='ocr_par' dir='ltr' id='par_1_16' title="bbox 302 2196 1936 2243">
     <span class='ocr_line' id='line_1_39' title="bbox 302 2196 1936 2243; baseline 0.001 -10"><span class='ocrx_word' id='word_1_436' title='bbox 302 2196 380 2243; x_wconf 86' lang='lat' dir='ltr'><strong>VII,</strong></span> <span class='ocrx_word' id='word_1_437' title='bbox 412 2197 471 2243; x_wconf 84' lang='lat'><strong>10,</strong></span> <span class='ocrx_word' id='word_1_438' title='bbox 507 2200 534 2233; x_wconf 86' lang='grc' dir='ltr'><strong>Ι.</strong></span> <span class='ocrx_word' id='word_1_439' title='bbox 590 2226 598 2234; x_wconf 92' lang='grc'><strong>.</strong></span> <span class='ocrx_word' id='word_1_440' title='bbox 616 2226 624 2235; x_wconf 92' lang='grc'><strong>.</strong></span> <span class='ocrx_word' id='word_1_441' title='bbox 641 2225 649 2232; x_wconf 95' lang='grc'><strong>.</strong></span> <span class='ocrx_word' id='word_1_442' title='bbox 677 2209 724 2234; x_wconf 89' lang='lat' dir='ltr'><strong>ne</strong></span> <span class='ocrx_word' id='word_1_443' title='bbox 751 2198 798 2234; x_wconf 89' lang='lat' dir='ltr'><strong>ab</strong></span> <span class='ocrx_word' id='word_1_444' title='bbox 824 2209 864 2234; x_wconf 89' lang='lat' dir='ltr'><strong>re</strong></span> <span class='ocrx_word' id='word_1_445' title='bbox 890 2197 1125 2234; x_wconf 86' lang='lat' dir='ltr'><strong>frumentaria</strong></span> <span class='ocrx_word' id='word_1_446' title='bbox 1152 2197 1273 2235; x_wconf 89' lang='lat' dir='ltr'><strong>duris</strong></span> <span class='ocrx_word' id='word_1_447' title='bbox 1299 2197 1666 2236; x_wconf 86' lang='lat' dir='ltr'><strong>subvectionibus</strong></span> <span class='ocrx_word' id='word_1_448' title='bbox 1692 2197 1911 2235; x_wconf 88' lang='lat' dir='ltr'><strong>laboraret..</strong></span> <span class='ocrx_word' id='word_1_449' title='bbox 1928 2225 1936 2233; x_wconf 95' lang='lat'><strong>.</strong></span> 
     </span>
    </p>
   </div>
   <div class='ocr_carea' id='block_1_6' title="bbox 175 2247 2278 2860">
    <p class='ocr_par' dir='ltr' id='par_1_17' title="bbox 175 2247 2274 2491">
     <span class='ocr_line' id='line_1_40' title="bbox 304 2247 2273 2297; baseline 0 -13"><span class='ocrx_word' id='word_1_450' title='bbox 304 2247 412 2292; x_wconf 86' lang='lat' dir='ltr'><strong>Quod</strong></span> <span class='ocrx_word' id='word_1_451' title='bbox 443 2253 566 2284; x_wconf 91' lang='lat' dir='ltr'><strong>notum</strong></span> <span class='ocrx_word' id='word_1_452' title='bbox 602 2253 669 2296; x_wconf 90' lang='lat' dir='ltr'><strong>est,</strong></span> <span class='ocrx_word' id='word_1_453' title='bbox 710 2249 902 2297; x_wconf 87' lang='lat' dir='ltr'><strong>participia</strong></span> <span class='ocrx_word' id='word_1_454' title='bbox 941 2249 1087 2296; x_wconf 85' lang='lat' dir='ltr'><strong>linguae</strong></span> <span class='ocrx_word' id='word_1_455' title='bbox 1127 2248 1264 2285; x_wconf 88' lang='lat' dir='ltr'><strong>latinae</strong></span> <span class='ocrx_word' id='word_1_456' title='bbox 1296 2250 1331 2285; x_wconf 91' lang='lat' dir='ltr'><strong>in</strong></span> <span class='ocrx_word' id='word_1_457' title='bbox 1363 2254 1486 2286; x_wconf 91' lang='lat' dir='ltr'><strong>nostro</strong></span> <span class='ocrx_word' id='word_1_458' title='bbox 1526 2260 1691 2286; x_wconf 87' lang='lat' dir='ltr'><strong>sermone</strong></span> <span class='ocrx_word' id='word_1_459' title='bbox 1723 2254 1786 2285; x_wconf 88' lang='lat' dir='ltr'><strong>aut</strong></span> <span class='ocrx_word' id='word_1_460' title='bbox 1823 2248 2153 2296; x_wconf 86' lang='lat' dir='ltr'><strong>praepositionibus</strong></span> <span class='ocrx_word' id='word_1_461' title='bbox 2193 2260 2273 2285; x_wconf 93' lang='lat' dir='ltr'><strong>cum</strong></span> 
     </span>
     <span class='ocr_line' id='line_1_41' title="bbox 179 2299 2272 2348; baseline -0 -11"><span class='ocrx_word' id='word_1_462' title='bbox 179 2299 416 2337; x_wconf 86' lang='lat' dir='ltr'><strong>substantivis</strong></span> <span class='ocrx_word' id='word_1_463' title='bbox 450 2304 512 2336; x_wconf 85' lang='lat' dir='ltr'><strong>aut</strong></span> <span class='ocrx_word' id='word_1_464' title='bbox 545 2300 858 2348; x_wconf 89' lang='lat' dir='ltr'><strong>conjunctionibus</strong></span> <span class='ocrx_word' id='word_1_465' title='bbox 890 2301 968 2337; x_wconf 90' lang='lat' dir='ltr'><strong>sive</strong></span> <span class='ocrx_word' id='word_1_466' title='bbox 998 2299 1259 2347; x_wconf 85' lang='lat' dir='ltr'><strong>temporalibus</strong></span> <span class='ocrx_word' id='word_1_467' title='bbox 1296 2301 1374 2337; x_wconf 85' lang='lat' dir='ltr'><strong>sive</strong></span> <span class='ocrx_word' id='word_1_468' title='bbox 1406 2301 1612 2337; x_wconf 87' lang='lat' dir='ltr'><strong>causalibus</strong></span> <span class='ocrx_word' id='word_1_469' title='bbox 1644 2300 1721 2337; x_wconf 88' lang='lat' dir='ltr'><strong>sive</strong></span> <span class='ocrx_word' id='word_1_470' title='bbox 1753 2299 1975 2337; x_wconf 89' lang='lat' dir='ltr'><strong>concessivis</strong></span> <span class='ocrx_word' id='word_1_471' title='bbox 2006 2299 2112 2336; x_wconf 86' lang='lat' dir='ltr'><strong>reddi</strong></span> <span class='ocrx_word' id='word_1_472' title='bbox 2144 2300 2272 2346; x_wconf 90' lang='lat' dir='ltr'><strong>solere,</strong></span> 
     </span>
     <span class='ocr_line' id='line_1_42' title="bbox 180 2349 2273 2400; baseline -0 -12"><span class='ocrx_word' id='word_1_473' title='bbox 180 2361 264 2389; x_wconf 88' lang='lat' dir='ltr'><strong>eam</strong></span> <span class='ocrx_word' id='word_1_474' title='bbox 292 2349 578 2398; x_wconf 84' lang='lat' dir='ltr'><strong>disquisitionem</strong></span> <span class='ocrx_word' id='word_1_475' title='bbox 607 2351 754 2388; x_wconf 85' lang='lat' dir='ltr'><strong>missam</strong></span> <span class='ocrx_word' id='word_1_476' title='bbox 782 2350 890 2398; x_wconf 86' lang='lat' dir='ltr'><strong>facio,</strong></span> <span class='ocrx_word' id='word_1_477' title='bbox 924 2355 960 2388; x_wconf 90' lang='lat' dir='ltr'><strong>et</strong></span> <span class='ocrx_word' id='word_1_478' title='bbox 985 2362 1104 2400; x_wconf 84' lang='lat' dir='ltr'><strong>pauca</strong></span> <span class='ocrx_word' id='word_1_479' title='bbox 1128 2355 1269 2387; x_wconf 85' lang='lat' dir='ltr'><strong>tantum</strong></span> <span class='ocrx_word' id='word_1_480' title='bbox 1297 2352 1467 2400; x_wconf 87' lang='lat' dir='ltr'><strong>exempla</strong></span> <span class='ocrx_word' id='word_1_481' title='bbox 1493 2351 1717 2388; x_wconf 86' lang='lat' dir='ltr'><strong>Caesariana</strong></span> <span class='ocrx_word' id='word_1_482' title='bbox 1743 2351 1938 2399; x_wconf 86' lang='lat' dir='ltr'><strong>proferam,</strong></span> <span class='ocrx_word' id='word_1_483' title='bbox 1972 2361 2069 2398; x_wconf 90' lang='lat' dir='ltr'><strong>quae</strong></span> <span class='ocrx_word' id='word_1_484' title='bbox 2101 2351 2152 2387; x_wconf 86' lang='lat' dir='ltr'><strong>ita</strong></span> <span class='ocrx_word' id='word_1_485' title='bbox 2179 2362 2273 2387; x_wconf 88' lang='lat' dir='ltr'><strong>com-</strong></span> 
     </span>
     <span class='ocr_line' id='line_1_43' title="bbox 179 2402 2274 2453; baseline -0 -12"><span class='ocrx_word' id='word_1_486' title='bbox 179 2407 313 2451; x_wconf 86' lang='lat' dir='ltr'><strong>parata</strong></span> <span class='ocrx_word' id='word_1_487' title='bbox 339 2407 433 2449; x_wconf 87' lang='lat' dir='ltr'><strong>sunt,</strong></span> <span class='ocrx_word' id='word_1_488' title='bbox 467 2403 507 2440; x_wconf 87' lang='lat' dir='ltr'><strong>ut</strong></span> <span class='ocrx_word' id='word_1_489' title='bbox 538 2402 788 2451; x_wconf 86' lang='lat' dir='ltr'><strong>praedicatum</strong></span> <span class='ocrx_word' id='word_1_490' title='bbox 821 2404 1060 2441; x_wconf 87' lang='lat' dir='ltr'><strong>ablativorum</strong></span> <span class='ocrx_word' id='word_1_491' title='bbox 1092 2402 1206 2440; x_wconf 90' lang='lat' dir='ltr'><strong>absol.</strong></span> <span class='ocrx_word' id='word_1_492' title='bbox 1240 2415 1314 2441; x_wconf 89' lang='lat' dir='ltr'><strong>non</strong></span> <span class='ocrx_word' id='word_1_493' title='bbox 1346 2403 1392 2441; x_wconf 91' lang='lat' dir='ltr'><strong>sit</strong></span> <span class='ocrx_word' id='word_1_494' title='bbox 1423 2402 1648 2453; x_wconf 88' lang='lat' dir='ltr'><strong>participium</strong></span> <span class='ocrx_word' id='word_1_495' title='bbox 1682 2402 1773 2451; x_wconf 87' lang='lat' dir='ltr'><strong>perf.</strong></span> <span class='ocrx_word' id='word_1_496' title='bbox 1806 2406 1870 2440; x_wconf 90' lang='lat' dir='ltr'><strong>aut</strong></span> <span class='ocrx_word' id='word_1_497' title='bbox 1901 2413 2025 2452; x_wconf 86' lang='lat' dir='ltr'><strong>praes.</strong></span> <span class='ocrx_word' id='word_1_498' title='bbox 2058 2402 2125 2440; x_wconf 90' lang='lat' dir='ltr'><strong>sed</strong></span> <span class='ocrx_word' id='word_1_499' title='bbox 2151 2402 2274 2451; x_wconf 87' lang='lat' dir='ltr'><strong>adjec-</strong></span> 
     </span>
     <span class='ocr_line' id='line_1_44' title="bbox 175 2453 685 2491; baseline -0.002 -1"><span class='ocrx_word' id='word_1_500' title='bbox 175 2454 293 2491; x_wconf 80' lang='lat' dir='ltr'><strong>tivum</strong></span> <span class='ocrx_word' id='word_1_501' title='bbox 321 2457 386 2489; x_wconf 92' lang='lat' dir='ltr'><strong>aut</strong></span> <span class='ocrx_word' id='word_1_502' title='bbox 412 2453 685 2490; x_wconf 85' lang='lat' dir='ltr'><strong>substantivum.</strong></span> 
     </span>
    </p>

    <p class='ocr_par' dir='ltr' id='par_1_18' title="bbox 225 2503 2273 2554">
     <span class='ocr_line' id='line_1_45' title="bbox 225 2503 2273 2554; baseline -0 -13"><span class='ocrx_word' id='word_1_503' title='bbox 225 2512 228 2517; x_wconf 91' lang='grc'>’</span> <span class='ocrx_word' id='word_1_504' title='bbox 303 2503 339 2541; x_wconf 90' lang='lat' dir='ltr'><strong>b.</strong></span> <span class='ocrx_word' id='word_1_505' title='bbox 366 2515 402 2552; x_wconf 89' lang='lat' dir='ltr'><strong>g.</strong></span> <span class='ocrx_word' id='word_1_506' title='bbox 430 2503 477 2551; x_wconf 89' lang='lat' dir='ltr'><strong>II,</strong></span> <span class='ocrx_word' id='word_1_507' title='bbox 505 2504 541 2552; x_wconf 87' lang='lat'><strong>9,</strong></span> <span class='ocrx_word' id='word_1_508' title='bbox 571 2504 605 2542; x_wconf 83' lang='lat'><strong>2.</strong></span> <span class='ocrx_word' id='word_1_509' title='bbox 757 2504 1025 2542; x_wconf 89' lang='lat' dir='ltr'><strong>secundiore</strong></span> <span class='ocrx_word' id='word_1_510' title='bbox 1058 2504 1215 2553; x_wconf 83' lang='lat' dir='ltr'><strong>equitum</strong></span> <span class='ocrx_word' id='word_1_511' title='bbox 1248 2504 1417 2554; x_wconf 89' lang='lat' dir='ltr'><strong>proelio</strong></span> <span class='ocrx_word' id='word_1_512' title='bbox 1449 2504 1579 2542; x_wconf 86' lang='lat' dir='ltr'><strong>nostris</strong></span> <span class='ocrx_word' id='word_1_513' title='bbox 1605 2504 1745 2542; x_wconf 89' lang='lat' dir='ltr'><strong>Caesar</strong></span> <span class='ocrx_word' id='word_1_514' title='bbox 1771 2515 1858 2542; x_wconf 92' lang='lat' dir='ltr'><strong>suos</strong></span> <span class='ocrx_word' id='word_1_515' title='bbox 1890 2504 1928 2542; x_wconf 92' lang='lat' dir='ltr'><strong>in</strong></span> <span class='ocrx_word' id='word_1_516' title='bbox 1964 2510 2086 2542; x_wconf 88' lang='lat' dir='ltr'><strong>castra</strong></span> <span class='ocrx_word' id='word_1_517' title='bbox 2118 2504 2273 2541; x_wconf 82' lang='lat' dir='ltr'><strong>reduxit.</strong></span> 
     </span>
    </p>

    <p class='ocr_par' dir='ltr' id='par_1_19' title="bbox 305 2555 2172 2605">
     <span class='ocr_line' id='line_1_46' title="bbox 305 2555 2172 2605; baseline 0.001 -13"><span class='ocrx_word' id='word_1_518' title='bbox 305 2555 348 2602; x_wconf 90' lang='lat' dir='ltr'><strong>V,</strong></span> <span class='ocrx_word' id='word_1_519' title='bbox 376 2555 437 2602; x_wconf 82' lang='grc'><strong>52,</strong></span> <span class='ocrx_word' id='word_1_520' title='bbox 471 2557 502 2592; x_wconf 93' lang='lat' dir='ltr'><strong>l.</strong></span> <span class='ocrx_word' id='word_1_521' title='bbox 557 2585 566 2593; x_wconf 95' lang='lat'><strong>.</strong></span> <span class='ocrx_word' id='word_1_522' title='bbox 583 2585 591 2593; x_wconf 97' lang='lat'><strong>.</strong></span> <span class='ocrx_word' id='word_1_523' title='bbox 611 2584 620 2593; x_wconf 90' lang='lat'><strong>.</strong></span> <span class='ocrx_word' id='word_1_524' title='bbox 647 2555 812 2594; x_wconf 90' lang='lat' dir='ltr'><strong>omnibus</strong></span> <span class='ocrx_word' id='word_1_525' title='bbox 838 2556 930 2594; x_wconf 90' lang='lat' dir='ltr'><strong>suis</strong></span> <span class='ocrx_word' id='word_1_526' title='bbox 956 2556 1250 2594; x_wconf 87' lang='lat' dir='ltr'><strong>incolumibus</strong></span> <span class='ocrx_word' id='word_1_527' title='bbox 1276 2557 1415 2604; x_wconf 89' lang='lat' dir='ltr'><strong>copiis</strong></span> <span class='ocrx_word' id='word_1_528' title='bbox 1442 2556 1568 2593; x_wconf 88' lang='lat' dir='ltr'><strong>eodem</strong></span> <span class='ocrx_word' id='word_1_529' title='bbox 1596 2556 1654 2593; x_wconf 88' lang='lat' dir='ltr'><strong>die</strong></span> <span class='ocrx_word' id='word_1_530' title='bbox 1681 2556 1730 2593; x_wconf 86' lang='lat' dir='ltr'><strong>ad</strong></span> <span class='ocrx_word' id='word_1_531' title='bbox 1756 2556 1969 2595; x_wconf 83' lang='lat' dir='ltr'><strong>Ciceronem</strong></span> <span class='ocrx_word' id='word_1_532' title='bbox 1995 2556 2172 2605; x_wconf 86' lang='lat' dir='ltr'><strong>pervenit.</strong></span> 
     </span>
    </p>

    <p class='ocr_par' dir='ltr' id='par_1_20' title="bbox 177 2607 2274 2706">
     <span class='ocr_line' id='line_1_47' title="bbox 305 2607 2274 2656; baseline -0.001 -11"><span class='ocrx_word' id='word_1_533' title='bbox 305 2607 386 2655; x_wconf 84' lang='lat' dir='ltr'><strong>vll,</strong></span> <span class='ocrx_word' id='word_1_534' title='bbox 435 2608 493 2655; x_wconf 83' lang='lat'><strong>17,</strong></span> <span class='ocrx_word' id='word_1_535' title='bbox 540 2608 575 2645; x_wconf 88' lang='grc'><strong>2.</strong></span> <span class='ocrx_word' id='word_1_536' title='bbox 752 2608 857 2646; x_wconf 89' lang='lat' dir='ltr'><strong>alteri</strong></span> <span class='ocrx_word' id='word_1_537' title='bbox 902 2619 987 2646; x_wconf 90' lang='lat' dir='ltr'><strong>non</strong></span> <span class='ocrx_word' id='word_1_538' title='bbox 1033 2607 1203 2656; x_wconf 85' lang='lat' dir='ltr'><strong>magnis</strong></span> <span class='ocrx_word' id='word_1_539' title='bbox 1247 2608 1541 2646; x_wconf 87' lang='lat' dir='ltr'><strong>facultatibus</strong></span> <span class='ocrx_word' id='word_1_540' title='bbox 1681 2608 1864 2656; x_wconf 87' lang='lat' dir='ltr'><strong>celeriter,</strong></span> <span class='ocrx_word' id='word_1_541' title='bbox 1915 2608 2013 2656; x_wconf 91' lang='lat' dir='ltr'><strong>quod</strong></span> <span class='ocrx_word' id='word_1_542' title='bbox 2059 2608 2274 2655; x_wconf 88' lang='lat' dir='ltr'><strong>habuerunt,</strong></span> 
     </span>
     <span class='ocr_line' id='line_1_48' title="bbox 177 2663 494 2706; baseline 0.006 -12"><span class='ocrx_word' id='word_1_543' title='bbox 177 2663 494 2706; x_wconf 78' lang='lat' dir='ltr'><strong>consumpserunt.</strong></span> 
     </span>
    </p>

    <p class='ocr_par' dir='ltr' id='par_1_21' title="bbox 306 2709 1509 2758">
     <span class='ocr_line' id='line_1_49' title="bbox 306 2709 1421 2758; baseline 0 -11"><span class='ocrx_word' id='word_1_544' title='bbox 306 2709 385 2758; x_wconf 93' lang='lat' dir='ltr'><strong>VII,</strong></span> <span class='ocrx_word' id='word_1_545' title='bbox 414 2710 475 2758; x_wconf 81' lang='lat'><strong>62,</strong></span> <span class='ocrx_word' id='word_1_546' title='bbox 505 2710 527 2748; x_wconf 91' lang='grc'>6</span> <span class='ocrx_word' id='word_1_547' title='bbox 645 2710 815 2749; x_wconf 89' lang='lat' dir='ltr'><strong>incerto</strong></span> <span class='ocrx_word' id='word_1_548' title='bbox 843 2710 951 2748; x_wconf 89' lang='lat' dir='ltr'><strong>etiam</strong></span> <span class='ocrx_word' id='word_1_549' title='bbox 979 2721 1075 2749; x_wconf 87' lang='lat' dir='ltr'><strong>nunc</strong></span> <span class='ocrx_word' id='word_1_550' title='bbox 1100 2709 1222 2748; x_wconf 83' lang='lat' dir='ltr'><strong>exitu</strong></span> <span class='ocrx_word' id='word_1_551' title='bbox 1248 2711 1421 2749; x_wconf 86' lang='lat' dir='ltr'><strong>victoriae</strong></span> 
     </span>
    </p>

    <p class='ocr_par' dir='ltr' id='par_1_22' title="bbox 178 2761 2278 2860">
     <span class='ocr_line' id='line_1_50' title="bbox 307 2761 2278 2811; baseline 0.002 -15"><span class='ocrx_word' id='word_1_552' title='bbox 307 2761 342 2797; x_wconf 89' lang='lat' dir='ltr'><strong>b.</strong></span> <span class='ocrx_word' id='word_1_553' title='bbox 384 2773 416 2798; x_wconf 93' lang='lat' dir='ltr'><strong>c.</strong></span> <span class='ocrx_word' id='word_1_554' title='bbox 451 2764 479 2807; x_wconf 94' lang='lat'><strong>1,</strong></span> <span class='ocrx_word' id='word_1_555' title='bbox 513 2764 574 2809; x_wconf 90' lang='grc'><strong>50,</strong></span> <span class='ocrx_word' id='word_1_556' title='bbox 615 2764 650 2799; x_wconf 87' lang='grc'><strong>3,</strong></span> <span class='ocrx_word' id='word_1_557' title='bbox 807 2767 917 2809; x_wconf 88' lang='lat' dir='ltr'><strong>atque</strong></span> <span class='ocrx_word' id='word_1_558' title='bbox 955 2768 1036 2800; x_wconf 85' lang='lat' dir='ltr'><strong>erat</strong></span> <span class='ocrx_word' id='word_1_559' title='bbox 1073 2762 1220 2800; x_wconf 81' lang='lat' dir='ltr'><strong>difficile</strong></span> <span class='ocrx_word' id='word_1_560' title='bbox 1259 2763 1387 2800; x_wconf 90' lang='lat' dir='ltr'><strong>eodem</strong></span> <span class='ocrx_word' id='word_1_561' title='bbox 1427 2769 1589 2810; x_wconf 88' lang='lat' dir='ltr'><strong>tempore</strong></span> <span class='ocrx_word' id='word_1_562' title='bbox 1628 2762 1914 2810; x_wconf 84' lang='lat' dir='ltr'><strong>rapidissimo</strong></span> <span class='ocrx_word' id='word_1_563' title='bbox 1948 2763 2130 2801; x_wconf 87' lang='lat' dir='ltr'><strong>flumine</strong></span> <span class='ocrx_word' id='word_1_564' title='bbox 2164 2775 2278 2811; x_wconf 89' lang='lat' dir='ltr'><strong>opera</strong></span> 
     </span>
     <span class='ocr_line' id='line_1_51' title="bbox 178 2809 675 2860; baseline 0.008 -13"><span class='ocrx_word' id='word_1_565' title='bbox 178 2809 360 2860; x_wconf 74' lang='lat' dir='ltr'><strong>perficere</strong></span> <span class='ocrx_word' id='word_1_566' title='bbox 386 2815 423 2849; x_wconf 89' lang='lat' dir='ltr'><strong>et</strong></span> <span class='ocrx_word' id='word_1_567' title='bbox 448 2812 523 2850; x_wconf 90' lang='lat' dir='ltr'><strong>tela</strong></span> <span class='ocrx_word' id='word_1_568' title='bbox 549 2812 675 2851; x_wconf 90' lang='lat' dir='ltr'><strong>vitare.</strong></span> 
     </span>
    </p>
   </div>
  </div>
 </body>
</html>
