2485 3028
1219 118 1245 156 6

294 263 328 300 b.
356 274 392 310 g.
421 262 465 307 V,
504 263 563 309 17,
597 263 634 299 4.
688 263 810 300 Nostri
839 290 848 299 .
864 289 873 298 .
889 290 898 299 .
932 263 1156 311 praecipites
1186 263 1311 300 hostes
1345 267 1497 310 egerunt
1528 273 1648 310 neque
1686 263 1753 300 sui
1785 263 1982 311 colligendi
2018 275 2137 312 neque
2170 269 2291 305 consi-

170 314 291 354 stendi
320 344 329 353 .
346 342 354 350 .
372 343 380 351 .
408 313 624 351 facultatem
653 313 843 352 dederunt.
897 312 1003 351 Conf.
1031 313 1076 362 V,
1104 315 1166 363 38,
1195 315 1235 363 23
1263 314 1324 363 IV,
1352 315 1388 363 9,
1417 315 1458 362 63
1485 313 1547 361 VI,
1574 314 1636 362 37,
1664 313 1706 362 23
1733 314 1814 363 VII,
1842 314 1904 363 80,
1933 314 1968 352 8.

294 367 502 403 Pronomen
541 365 754 403 reflexivum
795 377 904 414 porro
943 370 1099 414 usurpat
1138 367 1280 404 Caesar
1318 367 1424 404 simili
1463 365 1573 403 modo
1612 377 1657 402 ac
1689 366 1800 403 ceteri
1834 370 2004 405 auctores
2044 369 2163 416 latini,
2205 382 2288 408 cum

171 418 404 466 conjungitur
430 428 511 454 cum
539 418 755 465 pronomine
782 417 999 464 „quisque“,
1028 418 1234 465 quicunque
1260 417 1483 466 pronominis
1510 428 1617 454 casus
1645 417 1848 454 exhibetur.
1871 430 1874 433 ·

293 468 328 504 b.
356 480 393 515 g.
420 467 502 515 Vll,
530 468 595 515 32,
623 467 659 504 5.
716 495 724 504 .
742 495 749 503 .
770 495 780 504 .
809 478 897 505 suas
924 467 1102 516 cujusque
1129 480 1253 505 eorum
1282 469 1471 505 clientelas
1497 467 1625 517 (esse).

294 520 327 556 b.
356 531 392 566 g.
420 518 501 566 VII,
530 519 592 556 81.
647 548 655 556 .
672 547 681 555 .
698 546 706 554 .
736 530 825 556 suus
852 519 982 566 cuique
1009 523 1089 556 erat
1115 519 1218 557 locus
1245 519 1415 557 definitus
1425 518 1465 568 ⁸).

294 571 376 608 Huc
398 569 479 619 jam
507 569 663 617 accedit,
691 570 791 618 quod
818 570 972 619 pluralis
997 581 1171 608 numerus
1198 571 1421 619 pronominis
1447 570 1645 619 possessivi
1673 571 1780 617 „sui“
1808 582 1875 618 pro
1903 570 2143 620 substantivo,
2186 575 2288 622 quod

169 627 226 660 est
251 626 415 658 nostrum
443 621 530 668 „die
557 621 857 668 Angehorigen“‚
886 621 1041 670 ponitur,
1070 622 1213 659 etiamsi
1241 621 1470 659 referendum
1498 627 1553 659 est
1579 621 1628 658 ad
1655 622 1836 669 objectum
1864 622 2053 659 enuntiati.

292 673 336 721 V,
365 672 427 720 36,
463 674 492 710 1.
546 671 703 717 Quintus
717 673 888 720 Titurius,
916 683 998 710 cum
1019 673 1149 721 procul
1163 673 1406 721 Ambiorigem
1434 684 1536 711 suos
1563 672 1813 710 cohortantem
1840 673 2094 722 conspexisset
2110 673 2287 725 (Quintus

168 725 344 771 Titurius)
375 751 384 759 .
402 750 410 759 .
428 751 437 759 .
465 743 515 750 --
542 724 616 760 Hic
641 725 781 770 „suos“
809 724 992 770 significat
1019 725 1153 761 milites
1179 725 1410 770 Ambiorigis.
1465 724 1582 768 Quem
1601 725 1718 761 locum
1740 725 1820 772 jam
1841 725 2018 772 superiori
2038 726 2286 765 observationi

169 774 365 813 attribuere
393 773 507 822 potui.

292 827 376 864 Jam
410 825 584 872 sequitur,
625 831 666 863 ut
698 838 923 873 moneamus,
966 838 1166 874 pronomen
1199 826 1412 863 reflexivum
1453 826 1627 875 imprimis
1665 826 1912 874 possessivum
1953 828 2121 875 usurpari
2160 830 2285 877 etiam,

169 889 251 916 cum
279 877 458 914 reseratur
490 876 541 913 ad
567 877 752 926 objectum
788 877 953 924 ejusdem
981 877 1176 924 enuntiati3
1216 888 1289 924 qua
1322 877 1356 913 in
1390 888 1430 914 rc
1455 881 1577 925 potest
1602 877 1799 924 observari,
1841 888 2041 925 pronomen
2068 878 2283 918 reflexivum

163 930 274 977 juxta
300 940 360 966 res
387 929 447 965 vel
475 940 655 976 personas
683 940 766 966 esse
793 929 962 976 positum,
991 928 1041 965 ad
1068 940 1161 975 quas
1188 933 1340 976 spectet.

291 980 325 1017 b.
355 990 387 1017 c.
415 980 444 1026 Ι,
473 979 535 1027 22,
564 979 600 1016 5.
655 1008 664 1017 .
681 1009 689 1017 .
707 1007 715 1016 .
745 984 784 1016 ut
810 980 972 1016 tribunos
999 980 1118 1028 plebis
1151 980 1188 1016 in
1219 990 1265 1016 ea
1297 991 1336 1016 re
1364 991 1410 1017 ex
1438 980 1585 1017 civitate
1612 980 1826 1027 expulsos
1853 980 1889 1016 in
1916 991 2038 1017 suam
2068 980 2283 1029 dignitatem

166 1032 375 1070 restitueret
401 1030 589 1079 (Caesar).

291 1083 327 1118 b.
356 1093 387 1118 c.
416 1083 482 1126 111,
510 1083 572 1128 24,
601 1083 637 1117 3.
690 1082 898 1118 Atonianae
926 1082 1091 1129 scaphae
1118 1093 1226 1117 unam
1255 1093 1302 1117 ex
1330 1083 1385 1118 his
1404 1081 1669 1128 quadriremem
1697 1094 1777 1118 cum
1798 1083 1992 1128 remigibus
2012 1083 2285 1121 defensoribus-

167 1145 239 1180 que
266 1133 360 1171 suis
388 1131 661 1180 (quadriremis)
688 1138 874 1180 ceperunt.

289 1185 324 1221 b.
352 1195 388 1232 g.
417 1183 461 1231 V,
489 1184 552 1231 53,
580 1184 616 1220 3.
671 1183 812 1221 Caesar
824 1183 978 1220 Fabium
1006 1194 1087 1220 cum
1116 1194 1194 1221 sua
1210 1182 1346 1233 (Fabii)
1372 1183 1516 1231 legione
1541 1183 1688 1219 remittit
1714 1183 1751 1220 in
1778 1183 1982 1233 hibema⁴),
2012 1184 2091 1232 ipse
2108 1184 2285 1234 (Caesar)

167 1248 248 1272 cum
276 1236 389 1272 tribus
417 1236 621 1281 legionibus
649 1236 782 1272 circum
811 1235 1109 1272 Samarobrivam
1137 1236 1298 1272 hiemare
1326 1235 1520 1272 constituit.

291 1287 324 1322 b.
354 1297 385 1322 c.
413 1286 479 1332 ΙΙΙ,
508 1287 569 1332 97,
598 1286 634 1321 3.
691 1314 699 1322 .
716 1314 725 1322 .
743 1315 751 1322 .
780 1290 923 1334 partem
956 1285 993 1322 in
1021 1297 1101 1322 sua
1128 1290 1251 1322 castra
1276 1286 1412 1322 remisit
1438 1285 1622 1333 (Caesar).
1651 1307 1701 1312 —
1729 1285 1809 1329 Quo
1836 1286 1917 1322 loco
1945 1287 2054 1322 etiam
2082 1288 2203 1333 ,‚sua“
2231 1288 2282 1324 ad

165 1337 369 1385 subjectum
396 1337 522 1373 referri
551 1342 683 1384 potest,
712 1337 749 1373 id
776 1336 875 1384 quod
903 1337 1106 1374 Eichnerus
1132 1349 1205 1373 non
1232 1336 1367 1374 vidisse
1386 1336 1536 1373 videtur.
1579 1336 1700 1385 (Gonf.
1720 1337 1743 1374 l.
1766 1337 1789 1375 l.
1809 1337 1923 1385 partis
1942 1337 2072 1385 prioris
2091 1349 2178 1386 pag.
2202 1339 2282 1387 17.)

288 1388 495 1435 Usurpatur
534 1387 693 1434 denique
733 1399 756 1423 a
789 1387 952 1425 Caesare
992 1399 1194 1435 pronomen
1234 1387 1446 1424 reflexivum
1485 1388 1575 1424 locis
1615 1387 1848 1434 quibusdam,
1891 1389 1951 1424 ubi
1992 1389 2122 1434 regula
2154 1394 2281 1426 nostra

164 1439 328 1487 postulat
354 1450 554 1486 pronomen
582 1439 676 1486 „is“.

288 1490 321 1526 b.
350 1501 385 1535 g.
414 1490 475 1535 VI,
504 1491 539 1535 9,
570 1491 604 1525 2.
659 1489 801 1526 Caesar
832 1489 976 1526 duabus
1009 1489 1056 1526 de
1088 1490 1209 1526 causis
1236 1489 1400 1525 Rhenum
1434 1490 1589 1526 transire
1622 1490 1817 1535 constituit,
1858 1501 2009 1536 quarum
2039 1495 2120 1526 erat
2147 1491 2279 1537 altera,

164 1540 263 1588 quod
299 1540 438 1577 auxilia
480 1545 607 1578 contra
646 1551 694 1578 se
727 1540 963 1590 (Caesarem)
1001 1540 1171 1578 Treveris
1210 1541 1421 1577 miserant.
1480 1539 1541 1578 Ad
1576 1551 1683 1588 quem
1722 1541 1841 1578 locum
1873 1540 2077 1578 Eichnerus
2109 1552 2195 1590 pag.
2235 1543 2283 1579 16

164 1598 259 1641 part.
288 1593 352 1629 alt.
381 1592 434 1629 sic
461 1592 640 1640 disputat:
670 1593 736 1629 Bei
763 1592 906 1629 Caesar
932 1592 1053 1629 bilden
1081 1592 1184 1629 diese
1211 1592 1321 1629 Satze
1352 1614 1402 1619 —
1434 1592 1470 1629 in
1497 1592 1626 1639 quibus
1652 1603 1852 1640 pronomen
1886 1592 2101 1629 reflexivum
2131 1598 2282 1641 praeter

163 1644 372 1692 opinionem
401 1649 597 1691 usurpatur
629 1665 679 1670 —
713 1655 795 1681 zum
821 1644 929 1681 Theil
961 1643 1207 1691 vollstandige
1240 1642 1446 1681 Gedanken
1485 1654 1553 1681 aus
1585 1643 1686 1681 einer
1717 1643 1938 1691 gehaltenen
1966 1643 2081 1681 Rede.
2137 1644 2281 1682 Caesar

164 1696 229 1733 hat
260 1694 452 1732 entweder
484 1707 549 1732 vor
582 1695 708 1732 seinen
736 1695 926 1742 Soldaten,
967 1695 1054 1732 oder
1087 1706 1167 1732 was
1200 1695 1544 1732 wahrscheinlicher
1573 1696 1631 1741 ist,
1671 1707 1738 1732 vor
1764 1695 1987 1742 CingetoriX,
2028 1695 2111 1732 dem
2146 1708 2185 1732 er
2217 1696 2279 1733 die

163 1748 322 1794 Leitung
353 1746 429 1782 und
463 1745 531 1783 das
559 1745 792 1783 Kommando
824 1747 914 1783 uber
941 1746 1028 1795 jene
1055 1746 1211 1783 Provinz
1243 1746 1418 1794 ubergab,
1458 1746 1560 1783 diese
1587 1747 1711 1783 Worte
1738 1746 1983 1794 gesprochen:
2026 1747 2090 1783 Ich
2118 1747 2177 1783 bin
2205 1747 2278 1784 fest

163 1798 416 1835 entschlossen
457 1798 549 1834 iiber
588 1797 659 1834 den
688 1798 805 1834 Rhein
847 1810 891 1834 zu
931 1798 1061 1845 gehen,
1103 1798 1186 1834 vveil
1227 1797 1286 1834 die
1314 1798 1523 1835 Germanen
1554 1810 1674 1846 gegen
1708 1797 1801 1835 mich
1836 1797 1907 1835 den
1939 1798 2142 1835 Treverern
2178 1798 2280 1836 Hilse

189 1848 356 1888 eschickt
382 1848 514 1886 haben.

162 1861 188 1898 g
287 1901 322 1936 b.
350 1912 381 1936 c.
410 1902 475 1946 111,
504 1902 566 1946 53,
595 1902 631 1937 ἴ).
687 1900 804 1944 Quem
825 1901 975 1946 Caesar,
1004 1906 1043 1937 ut
1069 1906 1166 1937 erat
1192 1900 1238 1937 de
1265 1900 1517 1948 se(Caesare)
1544 1901 1691 1938 meritus
1717 1900 1819 1937 etde
1837 1901 2036 1948 republica,
2065 1901 2112 1937 ab
2133 1902 2279 1938 octavis

163 1951 348 1989 ordinibus
376 1950 425 1987 ad
452 1951 673 2000 primipilum
701 1962 742 1988 se
769 1950 962 1988 traducere
988 1951 1247 1999 pronuntiavit.
1300 1950 1360 1988 Ad
1393 1962 1500 1998 quem
1533 1952 1652 1989 locum
1679 1951 1880 1989 Eichnerus
1906 1951 1957 1987 ita
1985 1950 2145 1988 disserit:
2186 1951 2277 1988 Hier

163 2004 264 2051 giebt
289 2002 356 2039 der
381 2003 504 2040 Inhalt
531 2003 597 2040 des
625 2003 878 2051 Hauptsatzes
904 2003 988 2040 sehr
1014 2002 1176 2040 deutlich
1203 2015 1261 2049 an,
1302 2002 1390 2040 dass
1417 2003 1557 2041 Caesar
1588 2003 1667 2040 laut
1696 2015 1763 2040 vor
1789 2003 1860 2040 den
1887 2002 2064 2040 Soldaten
2092 2002 2274 2040 erklarte:

163 2054 221 2092 ich
250 2052 442 2091 befordere
470 2053 542 2091 den
562 2054 801 2102 Hauptmann
830 2052 896 2090 der
921 2054 1054 2091 achten
1073 2053 1243 2101 Cohorte,
1270 2053 1427 2101 Scaeva,
1454 2055 1550 2091 nach
1577 2054 1701 2091 seinen
1720 2053 1960 2091 Verdiensten
1988 2065 2046 2090 um
2075 2054 2171 2091 mich
2198 2053 2274 2090 und

164 2118 224 2142 nm
252 2106 324 2142 den
352 2105 459 2142 Staat
486 2117 568 2141 zum
596 2111 716 2142 ersten
745 2106 984 2152 Hauptmann
1011 2105 1077 2142 der
1103 2111 1224 2142 ersten
1251 2105 1420 2142 Cohorte.

290 2156 394 2201 Quae
432 2155 603 2193 deductio
642 2156 728 2193 mihi
768 2156 867 2206 justo
906 2156 1049 2204 longior
1088 2155 1232 2193 videtur
1269 2167 1368 2204 esse3
1409 2156 1549 2194 Caesar
1587 2155 1769 2205 significat
1807 2156 2021 2205 simpliciter
2059 2157 2276 2205 pronomine

162 2208 351 2254 reflexivo,
394 2219 434 2244 se
462 2209 514 2244 ita
541 2208 686 2254 sentire,
728 2213 766 2245 et
791 2208 923 2245 modus
948 2208 1167 2245 indicativus
1198 2208 1344 2255 indicat,
1385 2220 1462 2245 rem
1494 2220 1533 2245 re
1560 2220 1651 2245 vera
1677 2220 1718 2245 se
1744 2209 1795 2245 ita
1823 2208 1977 2255 habere3
2018 2213 2275 2256 argumentum

163 2258 341 2297 enuntiati
369 2258 511 2296 relativi
540 2263 578 2296 ut
604 2260 822 2297 sententiam
850 2270 954 2297 suam
983 2258 1050 2296 sibi
1078 2258 1219 2296 Caesar
1244 2259 1380 2308 arripit.

284 2311 369 2348 Jam
402 2310 517 2348 flectit
549 2312 664 2348 oratio
697 2312 746 2348 ad
773 2312 929 2348 alteram
963 2310 1073 2358 hujus
1100 2310 1357 2357 disquisitionis
1383 2315 1542 2359 partem;
1583 2316 1697 2348 restat
1723 2311 1830 2358 enim,
1871 2316 1910 2348 ut
1937 2310 2048 2348 etiam
2077 2322 2142 2348 eos
2169 2311 2275 2348 locos

162 2372 454 2409 commemorem,
496 2361 625 2409 quibus
652 2373 853 2410 pronomen
881 2361 1206 2398 demonstrativum
1240 2362 1321 2409 ,‚is“
1348 2363 1505 2410 positum
1537 2365 1604 2409 est,
1643 2362 1703 2399 ubi
1736 2373 1804 2399 nos
1830 2372 2031 2410 pronomen
2058 2360 2273 2398 reflexivum

162 2418 434 2461 exspectamus.
494 2414 698 2450 Pronomen
731 2413 946 2451 reflexivum
987 2413 1155 2461 usurpari
1192 2413 1228 2449 in
1259 2414 1453 2451 enuntiatis
1491 2413 1662 2461 obliquis,
1698 2424 1794 2461 quae
1825 2413 1872 2450 de
1905 2412 2086 2451 sententia
2118 2411 2276 2461 subjecti

161 2464 339 2501 enuntiati
366 2464 528 2512 primarii
558 2464 807 2512 exhibeantur,
831 2464 912 2513 jam
939 2475 1054 2512 supra
1081 2464 1298 2513 monuimus;
1326 2465 1382 2502 sin
1410 2476 1495 2501 vero
1522 2464 1745 2501 enuntiatum
1767 2465 1963 2511 obliquum,
1992 2463 2137 2501 etiamsi
2164 2464 2278 2501 modo

162 2516 395 2564 conjunctivo
424 2516 640 2563 continetur,
680 2528 754 2553 non
787 2516 837 2554 ad
869 2515 1074 2565 subjectum
1107 2516 1280 2553 enuntiati
1312 2516 1472 2564 primarii
1503 2515 1666 2563 refertur,
1707 2515 1774 2554 sed
1806 2516 1836 2553 si
1870 2516 1945 2553 alia
1973 2526 2129 2562 persona
2155 2526 2276 2563 agens

162 2572 225 2602 aut
252 2567 418 2614 cogitans
446 2567 483 2603 in
511 2567 634 2602 animo
662 2568 820 2604 auctoris
847 2567 987 2613 haeret,
1029 2570 1085 2602 est
1118 2566 1151 2602 ei
1183 2578 1254 2603 non
1287 2567 1444 2615 amplius
1476 2567 1678 2614 subjectum
1705 2568 1881 2603 enuntiati
1915 2567 2077 2615 primarii
2103 2566 2275 2613 proxima

161 2628 332 2666 persona,
361 2617 458 2666 quod
486 2617 616 2655 attinet
643 2617 691 2655 ad
719 2618 943 2656 enuntiatum
965 2616 1233 2666 secundarium,
1261 2618 1325 2656 sed
1353 2629 1513 2668 persona
1538 2629 1654 2667 agens
1681 2622 1718 2657 et
1737 2618 1915 2667 cogitans,
1944 2617 2022 2655 sive
2049 2627 2095 2655 ea
2113 2627 2275 2666 persona

284 2740 308 2781 ³)
330 2741 474 2772 Moebius
499 2741 543 2773 sic
564 2740 657 2780 legit3
679 2740 852 2773 Kranerus:
875 2746 910 2772 ut
931 2740 1043 2780 cuique
1065 2741 1160 2771 locus.

282 2782 308 2820 ⁴)
331 2782 493 2813 Kranerus
515 2782 559 2813 sic
582 2782 673 2821 legit3
695 2783 853 2813 Moebius:
878 2783 999 2821 legione
1021 2782 1052 2811 in
1076 2791 1131 2812 sua
1152 2782 1279 2812 remittit
1300 2783 1439 2813 hiberna.
