2485 3028
313 285 394 322 Huc
420 282 600 321 referendi
626 287 710 319 sunt
737 282 773 318 hi
800 282 970 319 Caesaris
995 282 1083 318 loci:

314 337 348 373 b.
376 347 408 373 c.
435 336 500 382 111,
527 334 590 381 31,
622 334 659 370 4.
714 332 832 371 Voces
864 333 1012 370 militum
1047 344 1128 370 cum
1155 332 1375 379 audirentur,
1416 342 1514 368 sese
1541 332 1652 369 ituros
1680 357 1690 367 .
1706 357 1740 367 ..
1769 329 1918 379 (Milites
1946 342 2027 368 cum
2055 331 2286 381 vocitarent).

314 388 347 424 b.
376 399 408 424 c.
436 386 500 432 III,
536 385 597 431 33,
639 387 668 420 Ι.
729 412 737 420 .
755 412 764 420 .
782 411 790 419 .
832 384 974 421 litterae
1015 385 1047 421 ei
1086 383 1285 421 redduntur
1308 394 1346 419 a
1385 382 1573 430 Pompejo,
1613 386 1829 431 properaret
1868 381 1918 418 ad
1958 393 1998 419 se
2038 382 2286 432 (Pompejum)

187 438 408 489 (Pompejus
435 437 468 474 ei
495 434 665 483 scripsit).

314 490 347 526 b.
381 501 417 536 g.
451 488 497 534 V,
529 487 591 533 53,
625 487 662 523 6.
715 514 723 522 .
740 514 749 523 .
766 514 776 523 .
808 486 854 523 ab
888 487 930 523 L.
961 486 1093 524 Roscio
1126 486 1256 523 certior
1293 484 1413 522 factus
1453 489 1510 521 est
1543 483 1725 533 (Caesar),
1767 483 2009 532 oppugnandi
2040 485 2095 522 sui
2130 485 2283 533 (Roscii)

188 552 306 579 cansa
333 538 558 578 convenisse.

313 592 347 629 b.
381 603 412 628 c.
445 591 492 636 II,
525 590 560 635 8,
598 591 630 625 1.
685 617 693 625 .
711 617 719 625 .
736 617 745 625 .
779 593 835 626 est
866 588 1157 625 animadversum
1198 588 1243 624 ab
1285 588 1504 634 legionariis,
1546 598 1680 633 magno
1720 587 1786 623 sibi
1818 587 2061 635 (legionariis)
2101 588 2284 635 praesidio

186 654 272 684 esse
325 654 419 682 osse.

299 656 440 742 pNeque
472 694 541 731 hoc
574 694 654 730 loco
682 692 986 740 praetereundum
1013 703 1094 729 esse
1120 697 1219 740 puto,
1261 691 1358 739 quod
1385 691 1524 729 Caesar
1551 691 1659 728 etiam
1687 691 1722 727 in
1751 692 2015 729 constructione
2042 692 2283 729 ablativorum

189 748 438 786 absolutorum
466 755 649 793 nunquam
677 744 889 793 pronomine
915 742 1198 781 demonstrativo
1224 753 1312 781 usus
1339 747 1405 790 est,
1434 743 1463 779 si
1491 752 1691 791 pronomen
1718 742 1842 779 referri
1870 742 1978 780 debet
2005 742 2054 780 ad
2081 742 2283 792 subjectum

189 799 378 848 apodosis,
418 809 526 845 quam
559 801 704 843 vocant,
747 800 810 832 aut
841 795 890 832 ad
922 807 1002 832 eam
1035 807 1239 843 personam,
1274 796 1377 844 cujus
1411 794 1456 831 de
1490 794 1670 831 sententia
1696 794 1846 831 ablativi
1874 796 2029 832 absoluti
2056 796 2282 843 exhibentur,

191 863 264 888 uno
289 854 444 897 excepto
472 849 565 895 loco,
594 848 639 884 de
666 858 737 894 quo
764 846 859 883 infra
885 851 1024 893 agetur.

316 900 350 937 b.
377 911 413 947 g.
442 900 470 946 Ι,
498 899 533 946 5,
563 899 598 935 4.
653 896 880 935 Persuadent
905 897 1069 935 Rauricis
1097 901 1132 933 et
1157 897 1323 944 Tulingis
1350 901 1386 933 et
1405 896 1588 933 Latovicis
1616 895 1786 942 finitimis,
1814 897 1865 932 uti
1893 896 2021 933 eodem
2048 899 2104 935 usi
2131 898 2282 935 consilio

189 951 338 1000 oppidis
365 951 454 987 suis
481 950 642 997 vicisque
669 949 805 987 exustis
831 960 905 985 una
931 960 1010 986 cum
1038 948 1092 985 iis
1118 947 1327 996 (Helvetiis)
1354 947 1630 996 proficiscantur
1656 975 1665 984 .
1682 975 1690 983 .
1707 975 1717 984 .

317 1002 351 1039 b.
384 1013 420 1048 g.
454 1002 481 1047 Ι,
524 1002 584 1046 25,
632 1003 662 1038 Ι.
721 999 860 1037 Caesar
898 999 1051 1047 primum
1090 1010 1181 1045 suo,
1221 998 1355 1036 deinde
1394 998 1550 1035 omnium
1591 1009 1638 1035 ex
1678 1003 1876 1046 conspectu
1914 1000 2061 1036 remotis
2093 1001 2194 1046 equis
2223 1029 2231 1036 .
2249 1029 2283 1037 ..

193 1052 370 1102 proelium
398 1052 585 1089 commisit.

317 1104 351 1142 b.
392 1115 427 1151 g.
469 1104 497 1151 I,
537 1104 599 1149 40,
646 1103 677 1140 1.
844 1101 1077 1139 vehementer
1120 1111 1182 1138 eos
1220 1100 1400 1138 incusavit
1440 1099 1628 1149 (Caesar):
1676 1099 1829 1149 primum
1869 1100 1966 1147 quod
2106 1106 2284 1151 putarent,

193 1156 413 1193 Ariovistum
442 1166 487 1191 se
516 1153 709 1201 (Caesare)
737 1154 885 1190 consule
912 1153 1144 1201 cupidissime
1170 1152 1294 1200 populi
1320 1152 1475 1189 Romani
1502 1152 1695 1188 amicitiam
1723 1152 1910 1200 appetisse
1938 1180 1946 1188 .
1962 1179 1971 1187 .

320 1207 353 1243 b.
382 1218 412 1243 c.
441 1207 469 1253 Ι,
498 1206 559 1253 47,
589 1206 623 1242 6.
678 1204 777 1249 Quos
810 1216 890 1242 cum
923 1203 1023 1252 apud
1054 1215 1094 1241 se
1125 1203 1162 1240 in
1194 1208 1315 1240 castra
1340 1203 1543 1240 Ariovistus
1575 1203 1837 1251 conspexisset,
1878 1204 2040 1241 exercitu
2074 1215 2150 1241 suo
2183 1215 2287 1252 prae-

194 1262 300 1296 sente
327 1258 547 1295 exclamavit
574 1285 583 1294 .
600 1285 608 1293 .
626 1285 634 1293 .

322 1310 354 1347 b.
375 1321 410 1356 g.
431 1310 458 1355 l,
487 1310 547 1355 53,
579 1310 612 1345 7.
652 1309 689 1345 Is
718 1307 779 1355 (G.
795 1307 962 1344 Valerius
975 1306 1170 1354 Procillus)
1198 1318 1242 1343 se
1268 1311 1509 1354 praesente
1535 1305 1582 1342 de
1602 1317 1642 1342 se
1661 1311 1717 1342 ter
1735 1307 1890 1343 sortibus
1910 1307 2112 1343 consultum
2132 1307 2288 1344 dicebat.

320 1361 353 1397 b.
382 1372 418 1406 g.
445 1360 473 1404 Ι,
507 1360 568 1405 52,
601 1359 637 1394 4.
692 1359 740 1395 At
767 1358 938 1395 Germani
972 1358 1137 1394 celeriter
1168 1368 1215 1393 ex
1246 1357 1507 1394 consuetudine
1539 1367 1618 1393 sua
1646 1356 1944 1405 (Germanorum)
1973 1357 2159 1404 phalange
2190 1358 2290 1394 facta

195 1411 353 1459 impetus
379 1410 581 1458 gladiorum
609 1413 842 1457 exceperunt.

320 1462 472 1508 b.g.11,
502 1461 562 1507 32,
591 1461 626 1496 3.
680 1462 734 1497 Re
761 1459 926 1497 nuntiata
944 1459 997 1495 ad
1023 1470 1141 1506 suos,
1171 1470 1265 1506 quae
1282 1459 1556 1506 imperarentur,
1585 1458 1707 1495 facere
1727 1458 1896 1495 dixerunt
1925 1487 1958 1495 ..
1976 1487 1984 1496 .
2014 1480 2062 1485 —
2090 1460 2288 1506 Postquam

197 1512 312 1560 legati
337 1512 611 1549 Aduatucorum
641 1522 715 1548 rem
744 1511 793 1547 ad
819 1522 905 1548 suos
931 1511 1197 1557 nuntiaverunt,
1225 1520 1318 1557 quae
1336 1510 1611 1558 imperarentur,
1640 1520 1680 1546 se
1707 1509 1830 1547 facere
1857 1509 1985 1558 (legati
2012 1511 2071 1547 vel
2091 1510 2288 1558 Aduatuci)

195 1564 377 1600 dixerunt.
432 1563 663 1609 Quamquam
691 1562 750 1599 hic
776 1563 878 1599 locus
905 1562 1013 1598 etiam
1038 1561 1085 1598 ad
1104 1562 1279 1607 regulam,
1307 1573 1413 1607 quam
1433 1562 1541 1598 modo
1561 1561 1807 1608 exposuimus,
1835 1561 1971 1598 referre
1989 1566 2126 1609 potest,
2154 1564 2290 1608 „suos“

198 1613 351 1651 refertur
378 1613 471 1649 enim
500 1613 547 1649 ad
575 1612 774 1660 subjectum
803 1612 971 1658 logicum.

319 1664 352 1702 b.
385 1676 420 1712 g.
448 1664 491 1712 V,
525 1665 560 1711 4,
594 1664 630 1702 3.
783 1663 894 1701 nihilo
932 1666 1054 1700 tamen
1091 1661 1210 1700 secius
1246 1662 1464 1711 principibus
1497 1663 1737 1700 Treverorum
1780 1661 1829 1699 ad
1861 1673 1908 1700 se
1939 1661 2171 1712 (Caesarem)
2205 1674 2290 1701 con-

198 1716 340 1753 vocatis
368 1716 448 1753 hos
476 1716 684 1763 singillatim
712 1715 932 1762 Cingetorigi
959 1714 1163 1751 conciliavit
1190 1714 1372 1762 (Caesar).

323 1767 357 1803 b.
392 1778 428 1813 g.
461 1767 525 1813 111,
561 1766 595 1813 8,
633 1766 686 1803 5.·
724 1764 830 1803 Omni
863 1776 928 1802 ora
959 1765 1139 1802 maritima
1170 1765 1336 1801 celeriter
1365 1764 1412 1801 ad
1452 1776 1571 1802 suam
1606 1764 1824 1802 sententiam
1856 1764 2033 1812 perducta
2065 1776 2291 1802 communem

198 1818 420 1866 legationem
454 1817 504 1854 ad
537 1819 577 1854 Ρ.
605 1817 779 1855 Crassum
812 1817 955 1853 mittunt
981 1816 1127 1864 (Veneti
1159 1821 1196 1852 et
1226 1816 1341 1864 socii).
1393 1816 1426 1852 b.
1454 1828 1489 1863 g.
1518 1817 1583 1862 ΙΙΙ,
1620 1817 1681 1862 20,
1714 1817 1750 1852 4.
1804 1844 1813 1853 .
1831 1843 1838 1850 .
1855 1843 1864 1852 .
1894 1818 2054 1863 equitatu
2080 1828 2156 1853 suo
2184 1817 2291 1865 pulso

199 1870 327 1918 copias
354 1868 545 1918 pedestres
572 1868 821 1905 ostenderunt.
873 1868 907 1904 b.
936 1880 971 1915 g.
999 1867 1060 1915 IV,
1098 1867 1156 1914 16,
1184 1868 1221 1904 4.
1277 1896 1285 1904 .
1303 1896 1311 1904 .
1328 1896 1336 1903 .
1370 1867 1400 1904 si
1432 1878 1477 1903 se
1508 1867 1620 1904 invito
1654 1867 1857 1904 Germanos
1885 1867 1922 1903 in
1950 1867 2109 1904 Galliam
2136 1868 2292 1905 transire

199 1934 273 1959 non
300 1932 454 1968 aequum
483 1920 792 1958 existimaret
846 1919 949 1957 Conf.
976 1920 1041 1967 III,
1077 1920 1136 1966 17,
1170 1919 1210 1967 33
1251 1919 1312 1965 IV,
1349 1918 1412 1965 18,
1452 1919 1494 1966 V,
1530 1919 1565 1966 4,
1600 1919 1640 1966 2,
1681 1919 1723 1962 V,
1752 1919 1813 1966 54,
1845 1920 1883 1966 1;
1924 1919 2001 1965 VII,
2036 1920 2077 1967 9,
2116 1920 2196 1967 Vn,
2225 1921 2291 1961 81:

198 1973 298 2020 VIII,
326 1972 367 2020 8,
394 1972 491 2019 VIII,
519 1972 580 2009 28.

324 2022 441 2067 Quam
474 2034 550 2060 rem
582 2022 693 2069 paulo
725 2021 940 2058 luculentius
971 2021 1138 2068 tractavi,
1177 2025 1217 2057 ut
1248 2021 1499 2066 demonstrem,
1534 2021 1835 2057 constructionem
1873 2032 2024 2057 casuum
2051 2021 2292 2059 ablativorum

198 2074 461 2122 absolutorum,
489 2074 549 2122 qui
576 2077 764 2121 vocantur,
791 2085 864 2111 non
891 2084 973 2111 esse
1000 2072 1157 2111 alienam
1187 2077 1223 2110 et
1248 2073 1359 2122 plane
1384 2076 1557 2110 remotam
1586 2083 1610 2109 a
1636 2072 1902 2110 constructione
1929 2072 2080 2121 periodi,
2109 2084 2184 2121 qua
2210 2085 2293 2111 con-

201 2128 376 2173 tineatur3
405 2125 471 2163 sed
497 2125 593 2162 infra
620 2136 763 2172 quoque
790 2124 838 2161 ad
865 2135 945 2161 eam
972 2136 1047 2161 rem
1074 2128 1307 2162 revertemur.

315 2178 414 2215 ‘Item
442 2176 684 2214 animadverti
711 2180 843 2225 potest,
874 2187 954 2212 cum
981 2176 1076 2213 actio
1103 2175 1215 2223 verbi,
1243 2186 1461 2224 quamquam
1488 2173 1605 2211 forma
1630 2173 1732 2211 finita
1759 2173 1839 2223 ejus
1858 2175 1958 2212 verbi
1977 2186 2050 2213 non
2069 2175 2294 2223 exhibeatur,

199 2229 269 2268 sed
296 2229 536 2277 participium,
578 2229 793 2276 gerundium
820 2229 880 2265 vel
906 2227 1145 2274 gerundivum
1172 2233 1375 2276 usurpetur,
1416 2226 1592 2263 referatur
1623 2226 1672 2262 ad
1698 2237 1894 2274 personam
1922 2228 1982 2264 vel
2009 2239 2084 2264 rem
2111 2233 2293 2275 agentem,

201 2292 285 2318 eam
329 2280 653 2328 reciprocationem
699 2284 823 2317 tamen
866 2278 1017 2316 indicari
1062 2279 1275 2327 pronomine
1319 2278 1504 2324 reflexivo,
1550 2278 1714 2324 quamvis
1758 2278 1805 2314 sit
1850 2289 1896 2314 ea
1940 2290 2099 2327 persona
2136 2280 2197 2316 vel
2236 2290 2294 2316 res

201 2332 380 2370 enuntiati
407 2331 600 2379 objectum.

326 2382 359 2420 b.
387 2393 423 2431 g.
451 2382 516 2430 III,
549 2382 586 2430 4,
621 2381 657 2419 4.
807 2380 873 2419 sed
899 2392 945 2418 ne
978 2380 1101 2419 saucio
1135 2379 1280 2428 quidem
1314 2379 1393 2429 ejus
1425 2380 1505 2427 loci,
1546 2379 1603 2416 ubi
1636 2379 1858 2427 constiterat,
1900 2380 2127 2429 relinquendi
2159 2391 2204 2418 ac
2230 2380 2295 2418 sui

202 2434 403 2483 recipiendi
434 2434 592 2472 facultas
626 2434 792 2471 dabatur.
851 2433 966 2481 „Sui“
1000 2437 1142 2481 spectat
1174 2432 1224 2469 ad
1255 2433 1435 2478 saucium3
1475 2432 1522 2468 ad
1562 2443 1667 2478 quem
1707 2436 1831 2468 tamen
1864 2432 1983 2469 locum
2017 2438 2143 2470 contra
2174 2433 2296 2471 dicere

205 2489 322 2535 potes,
363 2486 526 2523 saucium
554 2496 637 2523 esse
663 2484 865 2534 subjectum
892 2485 1067 2532 logicum3
1108 2483 1179 2521 dici
1205 2484 1300 2521 enim
1329 2488 1458 2532 potest,
1500 2483 1643 2520 saueius
1676 2494 1748 2519 non
1775 2483 1936 2521 habebat
1963 2485 2098 2531 locum3
2139 2483 2205 2521 sed
2233 2484 2295 2521 alii

204 2537 275 2575 loci
302 2541 450 2585 praesto
477 2542 571 2574 sunt.
1512 2551 1520 2562 ·

329 2589 363 2626 b.
391 2600 427 2637 g.
455 2588 519 2636 ΠΙ,
548 2589 583 2637 6,
616 2589 649 2626 1.
702 2615 736 2626 ..
754 2615 762 2624 .
790 2599 910 2636 neque
937 2587 1004 2626 sui
1031 2586 1225 2635 colligendi
1250 2586 1413 2625 hostibus
1439 2585 1646 2623 facultatem
1674 2586 1882 2634 relinquunt
1909 2614 1941 2624 ..
1960 2615 1968 2624 .
2001 2608 2044 2614 -
2073 2586 2180 2634 „sui“
2207 2586 2242 2624 h.
2271 2587 2295 2623 l.

201 2645 373 2689 spectare
401 2640 450 2677 ad
477 2639 690 2687 ‚,hostibus“
717 2644 998 2678 consentaneum
1025 2644 1091 2676 est.

329 2691 362 2728 b.
379 2692 492 2740 g.111,
511 2692 569 2739 19,
587 2692 619 2728 1.
663 2718 672 2727 .
689 2719 697 2727 .
715 2718 723 2727 .
745 2695 783 2727 ut
802 2702 911 2739 quam
932 2690 1113 2727 minimum
1129 2689 1237 2738 spatii
1257 2689 1306 2726 ad
1324 2701 1369 2727 se
1390 2688 1612 2738 colligendos
1626 2688 1896 2738 armandosque
1910 2689 2115 2727 Romanis
2137 2688 2294 2725 daretur.

329 2743 364 2779 b.
392 2755 427 2789 g.
455 2744 517 2789 IV,
545 2743 606 2779 34.
638 2770 671 2779 ..
687 2770 696 2779 .
724 2743 863 2779 interim
891 2742 1035 2779 barbari
1061 2742 1205 2778 nuntios
1223 2742 1434 2778 dimiserunt
1462 2770 1470 2777 .
1487 2771 1495 2779 .
1512 2771 1520 2778 .
1548 2741 1863 2788 praedicaverunt,
1892 2747 1939 2787 et,
1968 2746 2107 2788 quanta
2133 2741 2296 2788 praedae

206 2791 400 2829 faciendae
428 2797 537 2840 atque
563 2793 600 2829 in
627 2797 841 2841 perpetuum
869 2793 935 2829 sui
962 2792 1138 2829 liberandi
1164 2791 1321 2829 facultas
1348 2791 1504 2839 daretur,
1534 2819 1566 2829 ..
1584 2819 1592 2827 .
1621 2791 1972 2828 demonstraverunt.

2063 2853 2111 2890 1*
