2485 3028
1124 171 1141 176 v
1153 172 1169 175 i
1178 117 1293 176 -.ῙΞΜ

208 286 213 294 1
275 264 365 302 His
389 263 531 302 duobus
562 263 652 301 locis
693 283 741 290 —-
781 263 816 301 b.
850 274 883 301 c
915 264 943 311 Ι,
978 262 1040 311 63,
1072 262 1096 300 3
1130 262 1357 310 et111‚47‚
1393 262 1413 300 7
1455 283 1506 289 —
1546 261 1666 310 magis
1699 261 1786 300 mihi
1818 261 1874 300 vis
1906 263 2130 311 concessiva,
2171 263 2269 311 quod

167 315 357 355 Kranerus
383 327 457 354 non
484 314 585 362 vidit,
612 325 723 363 quam
750 314 909 354 causalis
936 313 1200 375 conjunctionis
1225 314 1360 363 „cum“
1387 314 1509 351 sensui
1536 313 1731 352 convenire
1756 313 1912 351 videtur.

288 367 324 404 b.
352 378 385 403 c.
411 366 441 413 Ι,
468 366 531 412 63,
561 344 600 403 3.
652 365 818 413 Equites
833 366 904 403 ab
901 377 959 403 eo
990 366 1091 403 mium
1121 365 1257 402 flumen
1289 369 1481 402 transeunt
1512 370 1560 412 et,
1600 377 1693 402 cum
1727 364 1774 402 de
1806 366 1913 401 tertia
1944 366 2069 413 vig-ilia
2102 367 2269 415 Petrejus

168 422 280 467 atque
304 393 490 458 Afranius
501 420 645 455 castra
654 416 916 465 movissent,
942 420 1094 466 repente
1120 426 1205 455 sese
1230 414 1280 454 ad
1306 415 1541 454 novissimum
1567 426 1699 464 agmen
1726 415 1959 455 contendunt.

289 468 551 515 b.c.111,4¹1,
579 469 616 504 7.
655 468 748 514 Nou,
776 469 848 505 illis
871 468 1023 504 ordeum
1050 480 1143 505 cum
1170 468 1371 524 daretur,
1399 479 1473 504 non
1497 467 1681 513 legumina
1707 468 1988 505 recusabant.
2041 469 2097 506 Cf.
2113 469 2269 505 Kraneri

201 601 203 603 .
291 572 387 609 Hoc
398 547 486 609 loco
516 571 602 608 mihi
634 583 756 619 pauca
787 570 835 609 de
867 571 1133 610 constructione
1161 570 1453 629 conjunctionum
1487 571 1749 618 „priusquam“
1777 576 1813 609 et
1839 572 2100 629 „antequam‘ss
2133 572 2269 620 quippe

167 631 267 671 quae
295 632 377 660 cum
408 621 661 671 conjunctione
692 621 827 670 „cum“
838 621 963 670 quasi
995 625 1176 669 cognatae
1206 621 1295 668 sint,
1336 622 1446 659 liceat
1476 600 1624 659 addere.
1678 621 1729 658 Ut
1766 623 1860 659 enim
1894 622 2143 670 conjunctio,
2148 624 2267 669 ,“cum

167 673 314 762 QZ?
338 672 657 772 332⁶&an
683 672 850 773 ῗὲζῗιὲῖ
875 672 984 772 ζῗιῖῗι
1010 649 2266 773 {25:332233'2‘552301-23&“gffissssss‘ffi233¹⁰²sstzff3¹ffiffi

167 776 310 814 ratium
340 780 399 814 et
410 776 554 823 ,,οιιιιι“·
574 780 612 813 ct
641 775 890 823 „antequam“
921 778 960 812 et
990 775 1252 824 „priusquam“
1289 779 1327 812 et
1359 786 1439 812 cum
1472 774 1670 812 indicativo
1708 779 1745 812 et
1783 787 1862 813 cum
1895 775 2002 814 modo
2036 776 2268 824 conjunctivo

168 826 445 876 conjunguntur,
468 826 678 886 'eademque
702 826 781 863 fere
807 830 863 863 est
890 837 1004 862 causa
1029 826 1126 863 modi
1153 827 1375 874 conjunctivi
1402 827 1439 862 in
1459 826 1802 874 conjunctionibus,
1805 829 2038 873 ,“antequam
2066 833 2103 864 et
2123 829 2268 875 „prius-

167 877 317 948 quam“
329 881 440 926 atque
466 876 508 915 in
530 877 785 927 conjunctione
810 876 956 925 „cum“

179 957 183 961 1
264 928 381 973 Cum
400 929 675 989 conjunctiones
686 929 887 977 antequam
915 933 952 966 et
968 916 1179 977 priusquam
1197 928 1452 976 conditionem,
1480 940 1643 976 cansam,
1664 929 1853 967 consilium
1874 940 2053 977 personae
2073 930 2265 979 cujusdam

169 956 393 1029 contineant,
428 980 668 1029 grammatici
678 979 802 1030 ajunt,
843 991 909 1018 eas
939 979 1112 1030 conjungi
1148 992 1228 1019 cum
1260 980 1372 1019 modo
1405 979 1649 1029 conjunctivo,
1687 992 1768 1018 cum
1800 992 1938 1018 merum
1972 985 2126 1030 tempus,
2166 982 2266 1030 quod

168 1037 305 1070 certum
337 1031 522 1080 quoddam
555 1032 692 1077 factum
725 1044 743 1069 s
744 1035 899 1081 ectet,
918 1043 999 1069 cum
1032 1031 1140 1069 modo
1171 1025 1382 1070 indicativo.
1435 1032 1525 1070 Item
1552 1032 1782 1080 grammatici
1813 1032 2052 1080 praecipiunt,
2094 1039 2133 1070 ιιι
2159 1034 2265 1071 salva

168 1084 355 1134 superiore
379 1084 509 1131 regula
534 1075 735 1143 perfectum
760 1094 907 1132 semper
932 1083 970 1120 in
997 1082 1105 1120 modo
1131 1082 1328 1121 indicativo
1351 1094 1483 1131 ponas,
1522 1083 1772 1132 imperfectum
1807 1088 1843 1120 et
1869 1084 2264 1143 plusquamperfectum

166 1136 203 1173 in
230 1135 339 1172 modo
366 1134 608 1183 conjunctivo,
635 1135 815 1182 simulque
840 1133 1036 1182 affirmant,
1076 1146 1252 1183 praesens
1277 1140 1324 1172 et
1348 1135 1385 1171 in
1413 1134 1521 1171 modo
1548 1134 1779 1183 conjunctivo
1806 1140 1842 1171 et
1868 1136 1904 1172 in
1930 1135 2039 1173 modo
2067 1136 2265 1173 indicativo

166 1187 253 1234 poni
279 1197 401 1234 posse.
436 1205 481 1231 7.-
515 1185 571 1223 Cf.
596 1186 760 1232 Schultz,
793 1187 818 1232 ξ
841 1186 937 1233 364
975 1185 1089 1232 Kritz,
1122 1185 1269 1233 Berger,
1302 1187 1325 1232 ξ
1355 1185 1440 1233 147,
1469 1185 1554 1222 adn.
1584 1186 1625 1232 63
1666 1186 1843 1233 Krueger,
1872 1188 1918 1232 ἐξ
1945 1187 2032 1232 634,
2061 1188 2147 1233 635,
2177 1188 2263 1224 636.

286 1236 335 1274 Et
359 1236 524 1285 profecto
550 1236 651 1284 apud
676 1236 873 1275 Gaesarem
901 1236 1121 1285 exemplum,
1147 1236 1184 1273 in
1210 1248 1280 1284 quo
1307 1236 1519 1285 priusquam
1545 1241 1609 1274 aut
1635 1241 1831 1284 antequam
1860 1248 1940 1274 cum
1969 1242 2133 1285 tempore
2157 1249 2261 1286 prae-

166 1288 261 1325 senti
292 1288 399 1325 modi
409 1287 607 1325 indicativi
632 1287 869 1349 conjunctum
911 1292 978 1335 est,
1016 1287 1087 1325 nisi
1125 1287 1359 1326 vehementer
1389 1287 1509 1334 fallor,
1550 1288 1730 1325 invenitur
1761 1289 1917 1335 nullum3
1958 1289 2005 1325 ad
2039 1289 2138 1335 quod
2171 1290 2264 1326 haec

164 1338 344 1386 Kruegeri
376 1338 582 1376 observatio
621 1360 672 1370 ψ-
710 1340 733 1385 g
759 1339 847 1385 365,
882 1350 916 1375 a.
958 1359 1007 1365 —
1048 1338 1170 1376 afferri
1200 1344 1337 1387 potest.
1377 1339 1454 1376 Der
1471 1339 1686 1376 Nebensatz
1716 1339 1765 1376 im
1799 1340 1969 1386 Prasens,
2010 1340 2169 1377 welcher
2202 1352 2265 1377 zur

164 1390 415 1438 Bestimmung
440 1389 506 1427 der
531 1389 612 1429 Zoit
641 1389 708 1427 des
739 1390 787 1426 im
814 1389 1044 1438 Hauptsatze
1069 1390 1324 1438 Ausgcsagten
1357 1389 1489 1427 dienen
1516 1390 1597 1436 soll,
1637 1390 1739 1427 kann
1773 1390 1888 1427 daher
1915 1391 2014 1427 nicht
2047 1403 2118 1428 von
2147 1392 2263 1428 einem

165 1441 353 1478 einzelnen
380 1441 532 1478 Factum
558 1440 688 1486 inz'der
714 1440 937 1489 Gegenwart
961 1440 1086 1488 reden,
1115 1440 1272 1479 sondern
1298 1452 1366 1479 nur
1393 1446 1509 1479 etwas
1528 1452 1723 1489 aussagen,
1752 1453 1832 1480 was
1851 1441 1963 1479 ‘ofters
1991 1454 2034 1479 zu
2053 1442 2262 1489 geschehen

164 1491 296 1541 pflegoe
356 1490 534 1540 Obgleich
571 1502 648 1529 nun
687 1491 784 1529 hier-
803 1491 900 1529 auch
939 1491 1005 1529 der
1043 1491 1122 1529 Ind.
1162 1492 1266 1530 Pr'as.
1304 1491 1434 1530 stehen
1472 1492 1592 1539 kann,
1633 1504 1674 1530 so
1713 1493 1760 1530 ist
1800 1493 1894 1529 doch
1935 1493 2001 1529 der
2038 1493 2262 1541 Konjunctiv

163 1543 473 1591 gebrauchlicher,
514 1555 574 1580 um
607 1543 678 1581 den
710 1543 917 1581 Gedanken
950 1555 995 1580 zu
1026 1544 1350 1592 verallgemeinern
1389 1543 1466 1582 und
1497 1543 1557 1581 die
1589 1543 1788 1591 Handlung
1830 1545 1866 1581 in
1899 1545 1996 1581 ihrer
2028 1545 2260 1582 Unselbst—

163 1593 442 1642 standigkeit
479 1606 562 1632 von
601 1594 679 1632 der
716 1594 1085 1644 imflauptsatze
1126 1599 1426 1642 ausgesagten
1458 1594 1783 1642 darzustellen,
1826 1595 1955 1632 durch
1990 1595 2124 1632 deren
2158 1597 2260 1633 Ein-

162 1651 307 1684 treten
332 1646 397 1683 sie
424 1646 815 1694 erst‘bedingtlvist.
836 1678 838 1680 ,
862 1648 865 1650 ’

283 1696 490 1734 Perfectum
516 1696 615 1734 modi
640 1696 826 1737 indicativi
852 1697 965 1734 tribus
991 1697 1083 1734 locis
1107 1697 1212 1735 nobis
1239 1697 1409 1734 occurrit:

284 1747 317 1785 b.
345 1759 381 1796 g
416 1748 444 1795 I,
479 1748 540 1795 53,
575 1748 621 1786 6.4
664 1749 721 1785 Ita
746 1747 921 1797 proelium
961 1748 1164 1786 restitutum
1204 1752 1272 1796 est,
1311 1752 1419 1795 atque
1459 1759 1586 1786 omnes
1627 1748 1751 1786 hostes
1790 1752 1896 1795 terga
1930 1753 2114 1785 verterunt
2140 1760 2258 1796 neque

160 1798 282 1846 prius
312 1798 403 1846 fuga
433 1798 658 1847 destiterunt,
701 1810 827 1846 quam
857 1798 908 1835 ad
939 1798 1075 1836 flumen
1106 1799 1273 1837 Rhenum
1305 1799 1403 1836 milia
1434 1810 1609 1846 passuum
1652 1811 1698 1836 ex
1738 1811 1782 1837 eo
1815 1800 1896 1836 loco
1930 1800 2069 1836 circiter
2101 1801 2259 1847 quinque

157 1854 487 1948 pcrvezertgntvn,
515 1901 576 1948 25,
603 1875 647 1937 4.
787 1913 855 1938 nec
884 1901 1009 1948 prius
1040 1900 1103 1938 ille
1135 1904 1191 1939 est
1222 1912 1247 1938 a
1272 1902 1602 1949 propugnatoribus
1635 1913 1773 1939 vacuus
1799 1902 1946 1938 relictus
1974 1902 2086 1948 locus,
2128 1914 2257 1948 quam

159 1951 329 1989 restincto
357 1962 493 1999 aggere
520 1956 637 1999 atque
656 1951 753 1989 omni
771 1963 826 1989 ex
852 1955 957 2000 parte
982 1951 1170 1989 summotis
1197 1951 1359 1989 hostibus
1386 1951 1468 1989 finis
1493 1957 1562 1990 est
1588 1952 1774 2000 pugnandi
1802 1951 1930 1989 factus.

191 2031 192 2034 η
282 2002 362 2050 VH,
402 2003 465 2050 43,
504 2003 542 2040 3.
694 2014 813 2050 neque
850 2002 960 2040 finem
999 2002 1121 2051 'prius
1159 2002 1336 2051 sequendi
1375 2002 1557 2050 fecerunt,
1598 2015 1722 2051 quam
1763 2014 1864 2040 muro
1904 2002 2029 2051 oppidi
2069 2003 2256 2051 portisque

161 2053 586 2102 appropinquarunt.
614 2074 664 2082 —-
691 2054 925 2091 Memorabile
955 2053 993 2095 id
1023 2053 1111 2090 mihi
1142 2054 1297 2101 videtur,
1323 2054 1421 2101 quod
1446 2054 1560 2092 tribus
1591 2055 1647 2092 his
1678 2055 1767 2092 locis
1799 2055 1835 2091 in
1867 2054 2052 2091 enuntiato
2084 2055 2257 2102 primario

159 2104 306 2153 negatio
333 2103 523 2147 invenitur.
577 2103 781 2143 Perfectum
809 2104 1028 2154 conjunctivi
1055 2107 1193 2142 exstat:
1225 2104 1261 2143 b.
1287 2116 1323 2153 g.
1350 2105 1415 2152 ΠΙ,
1445 2104 1504 2151 18,
1535 2105 1569 2142 7.
1623 2105 1690 2142 His
1721 2105 1829 2143 rebus
1857 2103 2003 2142 adducti
2031 2116 2106 2142 non
2131 2105 2257 2153 prius

159 2155 400 2193 Viridovicem
431 2156 678 2203 reliquosque
686 2156 808 2201 duces
840 2168 887 2193 ex
920 2155 1069 2194 oonsilio
1101 2155 1293 2204 dimittunt,
1335 2167 1444 2203 quam
1484 2157 1530 2193 ab
1568 2157 1624 2194 his
1661 2157 1719 2194 sit
1752 2167 2026 2203 concessum,
2067 2168 2171 2193 arma
2205 2157 2257 2193 uti

160 2206 327 2259 capiant
336 2210 374 2244 et
399 2205 448 2243 ad
474 2211 608 2244 castra
622 2197 855 2244 contendant.

174 2286 176 2288 »
270 2257 437 2304 Quibus
453 2258 546 2296 locis
577 2258 810 2308 comparatis
830 2258 939 2297 facile
969 2258 1185 2318 intelliges,
1203 2258 1240 2296 in
1272 2258 1384 2297 tribus
1411 2258 1652 2308 superioribus
1679 2258 1858 2307 exemplis
1885 2257 2083 2296 Caesarem
2110 2262 2255 2307 tempus

158 2313 297 2346 tantum
323 2314 411 2346 ante
433 2310 564 2346 oculos
588 2309 785 2356 habuisse,-
808 2313 953 2357 neque
950 2311 1077 2357 aliter,
1100 2310 1150 2347 si
1176 2309 1275 2347 hacc
1307 2311 1496 2347 enuntiata
1525 2310 1779 2358 conjunctione
1811 2322 1892 2347 cum
1926 2310 2089 2349 exhibita
2121 2314 2254 2357 essent,

158 2358 288 2399 modus
313 2360 454 2411 positus
480 2363 596 2399 esset
600 2359 847 2399 indicativum
879 2361 985 2400 Cum
989 2338 1258 2399 Gen-'manisiad
1273 2361 1439 2399 Rhenum
1466 2364 1718 2410 pervenerunt,
1755 2364 1831 2398 tum
1859 2360 2004 2398 demum
2032 2360 2121 2408 fuga
2148 2360 2255 2398 desti-

156 2411 309 2461 tersum
331 2413 517 2461 similique
535 2412 670 2454 ιιοιίῑιιὶ
676 2413 740 2450 flii
756 2413 853 2451 luci
861 2416 1035 2462 possunt
1032 2412 1214 2451 mutari.
1237 2412 1428 2452 Coneedes
1453 2418 1585 2460 autem,
1623 2413 1660 2451 in
1686 2412 1811 2451 ultimo
1836 2413 2008 2461 exemplo
2036 2412 2144 2450 modo
2171 2424 2255 2450 con-

152 2440 318 2512 junotluo
352 2464 567 2502 Caesarem
584 2463 783 2512 indicasse,
824 2464 975 2502 Gallos
983 2464 1226 2504 :Viridovicem
1266 2469 1339 2502 tam
1379 2465 1440 2502 diu
1473 2464 1675 2512 precando,
1716 2464 1874 2502 fortasse
1914 2466 2023 2502 etiam
2056 2463 2255 2501 minitando

159 2513 334 2562 ussisse}
348 2514 447 2563 dum,
474 2516 526 2553 ιιι
563 2526 685 2552 arma
692 2516 909 2563 caperenuo
917 2515 995 2553 sibi
1023 2514 1271 2553 concederet
1292 2516 1518 2554 Perfectum
1560 2515 1714 2562 positum
1748 2520 1815 2562 est,
1856 2515 1963 2579 quod¹
1993 2517 2029 2551 in
2069 2515 2254 2552 enuntiato

155 2563 361 2614 primatie
357 2569 481 2615 praes
514 2566 614 2604 hi'su
631 2570 742 2615 extat,
779 2567 824 2604 let
851 2567 1039 2615 aptissime
1054 2566 1279 2614 Kruegerus
1307 2566 1357 2603 'ad
1388 2567 1483 2604 hunc
1515 2567 1632 2604 locum
1661 2565 1815 2604 adnotat
1854 2589 1904 2594 «-
1944 2570 1966 2612 ς
1994 2567 2079 2611 636,
2113 2568 2144 2602 1.
2185 2580 2251 2602 —:

156 2616 225 2656 da's
244 2616 429 2657 Perfecta
426 2617 549 2667 Κὸιι3(
557 2618 631 2657 ist
669 2618 747 2656 hier
778 2617 847 2656 auf
874 2618 1043 2687 ahnliche
1069 2618 1201 2665 Weise
1224 2618 1401 2667 gewahlt,
1444 2619 1511 2656 wie
1551 2618 1619 2656 das
1648 2619 1760 2656 Pras.
1804 2619 1899 2656 nach
1941 2626 1977 2655 ut
2018 2618 2072 2655 bei
2108 2617 2253 2655 v-orher

156 2667 381 2741 genendem
376 2669 469 2706 hist
497 2630 629 2706 ἐτᾶς.-

247 2720 379 2766 Iunci,
406 2720 544 2783 quibus
563 2695 703 2757 Caesar
719 2693 1103 2768 tempor'e1pit'aesenti
1129 2690 1229 2757 modi
1249 2702 1465 2768 conjunctivi
1487 2731 1571 2756 usus
1591 2725 1658 2767 est,
1686 2724 1833 2757 exstant
1851 2721 2013 2766 exceptis
2042 2720 2095 2765 iis,
2125 2720 2252 2766 quibus

152 2744 295 2812 cratim)
289 2767 449 2817 obliqua
476 2770 520 2808 in
526 2772 663 2809 causa
680 2770 918 2819 conjunctivi
926 2776 997 2819 est,
1021 2777 1110 2808 treet
1163 2774 1199 2802 :fi
