2485 3028
1227 136 1275 174 22

1126 188 1205 195 vam—s
1216 193 1221 195 ,
1235 189 1247 195 .-
1258 189 1348 196 :max-„-

186 283 432 323 concinnitate
458 282 660 322 Caesarem
692 292 821 320 omnes
852 280 930 319 fere
962 292 1083 319 rerum
1116 281 1313 330 scriptores
1345 282 1577 331 antecedere,
1618 283 1712 321 inter
1741 294 1869 321 omnes
1900 286 2057 329 constat,
2096 292 2192 331 quae
2218 284 2301 323 laus

188 339 288 374 esset
318 334 480 372 maxime
513 333 704 382 ambigna,
744 332 777 371 si
816 332 865 370 ab
904 332 1041 371 usitato
1080 343 1217 382 genere
1255 332 1400 372 dicendi
1446 339 1557 383 atque
1588 334 1811 384 urbanitate,
1861 345 1936 383 qua
1973 338 2121 384 praeter
2159 338 2304 375 eeteros

187 388 329 425 Caesar
354 386 515 424 imbutus
543 390 633 432 erat,
661 384 836 423 recedere
869 384 937 422 sibi
962 384 1074 422 licere
1101 385 1297 422 arbitratus
1321 389 1431 423 esset.
1485 386 1544 422 An
1575 389 1759 434 putamus,
1773 386 1971 425 Caesarem
1997 396 2101 424 usum
2127 386 2301 434 loquendi

187 438 443 475 observantem
483 435 642 474 eandem
681 434 1002 484 perspicuitatem,
1047 435 1204 473 eandem
1243 435 1418 473 orationis
1456 436 1738 474 concinnitatem
1782 437 1956 485 consequi
1999 447 2073 474 non
2111 437 2301 485 potuisse?

188 488 389 527 Gloriolam
410 491 533 525 autem
560 487 674 534 illam,
702 485 802 534 quod
828 497 965 524 novum
992 485 1138 523 dicendi
1164 497 1281 534 genus
1306 485 1520 534 induxisset,
1548 487 1750 525 orationem
1777 488 2044 526 commentariis
2069 488 2145 526 suis
2171 486 2301 526 inflex

186 541 288 586 isset,
331 538 533 577 Caesarem
567 542 666 576 certe
698 537 887 586 sprevisse
917 537 1005 575 mihi
1037 542 1095 575 est
1124 548 1353 585 persuasum.
1406 538 1611 575 Immovero
1637 549 1706 586 pro
1730 545 1831 577 certo
1857 539 1989 586 habeo,
2029 550 2124 587 eum,
2163 540 2226 587 qui
2252 539 2301 577 de

187 590 365 636 analogia
397 588 492 626 duos
524 589 638 625 libros
671 588 931 635 conscripserit
962 598 1099 634 eosque
1124 588 1302 634 Ciceroni,
1341 587 1404 634 qui
1435 587 1572 636 optime
1601 592 1679 624 tum
1709 590 1885 637 temporis
1911 567 2067 638 pati-ium
2093 599 2300 627 sermonem

188 639 362 687 callebat,
395 638 634 685 dedicaverit,
674 639 736 676 vel
775 638 937 676 maxime
975 638 1109 676 usitato
1148 638 1274 685 generi
1318 637 1463 676 dicendi
1506 637 1689 676 studuisse
1725 650 1847 687 neque
1884 640 1933 678 ad
1970 639 2153 678 inauditas
2189 645 2302 689 atque

188 692 334 729 acribus
359 691 609 727 Romanorum
637 689 787 727 auribus
812 689 1066 737 discrepantes
1093 689 1381 727 constructiones
1406 688 1627 738 confugisse.

314 741 548 789 Quamquam
588 740 784 779 redeamus
823 740 875 778 ad
912 752 989 778 rem
1028 740 1289 789 praepositam.
1347 740 1432 779 Jam
1471 752 1584 790 supra
1621 742 1857 789 exposuimus
1896 743 2077 781 ablativos
2113 743 2301 781 absolutos

187 793 354 832 adverbii
381 793 522 831 vicibus
549 792 670 841 fungi3
708 797 794 830 sunt
820 791 917 829 enim
943 790 1231 829 additamentum
1259 790 1456 840 quoddam,
1483 803 1555 840 quo
1582 795 1620 830 et
1643 796 1789 841 tempus
1817 793 2019 832 continetur
2045 798 2082 832 et
2106 793 2236 832 modus
2262 797 2301 831 et
2373 832 2374 835 ,

187 846 276 893 alia,
303 845 435 892 quibus
461 844 560 881 actio
586 844 689 881 verbi
715 843 806 881 finiti
832 843 980 891 planius
1006 842 1231 880 describitur.

313 896 542 945 Saepissime
569 895 679 944 igitur
704 895 779 943 fiet,
817 899 858 932 ut
883 894 1087 943 subjectum
1120 896 1181 933 vel
1213 894 1395 944 objectum
1430 895 1530 933 verbi
1560 893 1651 932 finiti
1682 906 1756 933 non
1782 895 1829 934 sit
1855 908 1965 934 unum
1992 896 2164 945 idemque
2188 901 2300 945 atque

188 948 238 995 id,
266 959 339 994 quo
366 952 526 994 tempus,
555 946 697 993 modus,
730 945 1026 982 circumstantiae
1057 946 1213 983 actionis
1244 946 1346 982 verbi
1377 946 1467 982 finiti
1493 946 1760 993 describantur-3
1800 957 1914 993 qnare
1945 948 1982 984 in
2008 948 2172 995 plurimis
2197 948 2299 985 abla-

188 999 346 1037 tivorum
380 997 460 1036 abs.
494 997 675 1047 exemplis
704 997 777 1034 ista
807 995 1129 1044 grammaticorum
1162 996 1291 1045 regula
1324 996 1371 1034 ab
1401 995 1566 1035 omnibus
1597 995 1719 1034 latinis
1751 997 1959 1036 auctoribus
1990 998 2186 1037 observata
2217 1009 2304 1037 esse

187 1050 382 1087 videbitur.
437 1048 546 1092 Quod
572 1054 695 1085 autem
722 1048 951 1095 grammatici
978 1048 1213 1094 contendunt,
1242 1059 1323 1084 cum
1351 1047 1503 1096 subjecti
1526 1048 1767 1085 ablativorum
1794 1049 1873 1085 abs.
1900 1050 1937 1085 in
1964 1049 2093 1087 eodem
2111 1052 2303 1087 enuntiato

187 1100 325 1139 mentio
359 1100 436 1147 fiat,
478 1099 783 1137 constructionem
816 1098 1083 1147 participalem,
1124 1110 1198 1147 qua
1236 1098 1468 1148 participium
1507 1098 1556 1136 ad
1586 1098 1791 1147 subjectum
1832 1103 1897 1137 aut
1935 1099 2117 1149 objectum
2149 1112 2302 1149 genere,

188 1163 352 1199 numero,
394 1161 485 1189 casu
525 1149 827 1188 conformandum
864 1150 923 1196 sit,
964 1150 1142 1188 sermonis
1182 1150 1286 1187 latini
1322 1150 1566 1197 integritatem
1598 1151 1798 1198 postulare,
1838 1161 1862 1187 a
1901 1150 2064 1189 Caesare
2108 1152 2298 1200 permultis

188 1203 381 1252 exemplis,
423 1212 518 1250 quae
556 1212 670 1251 snpra
700 1200 864 1247 laudavi,
905 1200 1184 1249 redarguuntur.
1243 1201 1442 1250 Participia
1481 1201 1588 1249 enim,
1627 1201 1660 1239 si
1698 1212 1846 1250 genere,
1885 1212 2046 1251 numero,
2088 1214 2177 1242 casu
2215 1214 2299 1242 cum

189 1256 336 1292 nomine
362 1254 591 1291 substantivo
624 1253 801 1290 enuntiati
833 1252 1025 1300 cujusdam
1059 1254 1300 1299 consentiunt,
1341 1264 1442 1290 mera
1472 1258 1557 1289 sunt
1587 1253 1773 1300 adjectiva
1798 1264 1916 1299 neque
1949 1257 2023 1290 tam
2051 1255 2299 1300 significanter
2348 1279 2356 1286 -

188 1311 337 1353 tamque
370 1308 478 1341 acute
511 1302 677 1340 indicant
702 1306 858 1352 tempus,
899 1301 1047 1340 modum
1079 1303 1234 1340 actionis
1266 1303 1367 1341 verbi
1398 1302 1498 1340 finiti.
1551 1302 1592 1341 Si
1622 1302 1732 1352 igitur
1756 1302 1909 1341 Caesari
1941 1304 2061 1353 magis
2092 1304 2192 1343 cordi
2218 1304 2299 1353 suit,

188 1365 346 1406 tempus,
385 1355 535 1394 modum
562 1355 718 1394 actionis
744 1355 846 1393 verbi
872 1354 964 1393 finiti
990 1366 1101 1402 quam
1128 1356 1312 1404 objectum
1339 1359 1403 1393 aut
1428 1354 1629 1404 subjectum
1656 1354 1874 1403 describere,
1915 1356 1946 1394 si
1972 1357 2092 1404 magis
2118 1358 2300 1405 spectavit

188 1409 290 1445 facta
316 1418 425 1454 quam
454 1418 520 1444 eas
547 1417 739 1455 personas,
768 1418 792 1442 a
819 1406 949 1452 quibus
976 1411 1041 1442 aut
1067 1407 1102 1442 in
1130 1407 1260 1453 quibus
1286 1407 1386 1442 facta
1412 1410 1507 1453 sunt,
1534 1407 1578 1443 iis
1596 1406 1741 1443 casibus
1760 1407 1938 1453 utebatur,
1966 1407 2095 1454 quibus
2122 1407 2171 1454 id,
2199 1407 2301 1455 quod

190 1459 315 1506 voluit,
343 1457 519 1506 consequi
545 1461 701 1506 poterat,
729 1456 768 1494 id
794 1462 852 1495 est
878 1456 1050 1495 ablativis
1077 1457 1266 1495 absolutis.
1317 1456 1377 1494 Ad
1402 1467 1497 1505 quae
1516 1468 1589 1494 non
1608 1467 1922 1506 supervacaneum
1949 1455 2031 1495 esse
2051 1458 2137 1496 mihi
2155 1458 2300 1497 videtur

189 1511 339 1557 addere,
381 1520 478 1557 quae
504 1510 658 1556 Haasio,
700 1508 943 1545 illustrissimo
971 1508 1335 1556 ingeniosissimoque
1366 1509 1455 1555 viro,
1496 1508 1543 1545 de
1575 1519 1622 1545 ea
1648 1520 1687 1545 re
1714 1513 1815 1545 certa
1840 1514 1952 1556 atque
1978 1510 2173 1557 explorata
2198 1510 2299 1547 vide-

188 1562 332 1599 bantur.
367 1581 418 1588 ——
445 1560 530 1597 Not.
558 1560 635 1597 590
662 1581 713 1587 —-
754 1560 953 1606 Postquam
981 1559 1143 1597 Haasius
1170 1571 1258 1598 suas
1285 1570 1428 1607 causas,
1462 1570 1527 1597 cur
1551 1559 1655 1597 latini
1680 1560 1877 1608 scriptores
1903 1560 1951 1597 ab
1977 1560 2043 1597 illa
2069 1561 2154 1609 lege
2179 1572 2299 1599 reces-

188 1614 335 1658 sissent,
371 1612 554 1659 exposuit,
585 1611 643 1647 his
671 1611 792 1648 verbis
819 1610 1106 1657 disquisitionem
1134 1621 1239 1647 suam
1265 1610 1465 1658 peroravit:
1504 1610 1610 1648 Doch
1637 1610 1786 1647 konnen
1812 1610 1873 1647 die
1899 1611 2031 1658 obigen
2061 1632 2105 1639 -
2134 1613 2298 1659 regulae,

189 1675 283 1711 quas
310 1663 347 1700 in
374 1673 508 1700 novem
535 1673 707 1699 numeros
734 1661 898 1710 digessit,
938 1683 988 1688 —
1027 1667 1170 1699 vorerst
1197 1661 1416 1709 hinreichen,
1458 1673 1516 1699 um
1547 1662 1655 1699 theils
1687 1661 1746 1700 die
1773 1662 2131 1700 Gesetzlichkeit
2163 1662 2230 1701 des
2262 1663 2301 1700 in

189 1715 262 1752 den
289 1713 574 1752 Grammatiken
600 1713 855 1750 verworfenen
888 1712 978 1750 oder
1008 1725 1077 1760 gar
1107 1713 1210 1749 nicht
1240 1713 1452 1749 erwtihnten
1478 1713 1694 1750 Gebrauchs
1735 1735 1784 1740 —
1823 1724 1911 1750 usus
1937 1713 2178 1751 ablativorum
2205 1715 2298 1761 abs„

188 1776 411 1813 quamquam
446 1764 602 1813 subjecti
635 1775 759 1801 eorum
786 1764 823 1801 in
850 1763 978 1801 eodem
1013 1764 1201 1800 enuntiato
1234 1765 1366 1801 mentio
1393 1763 1443 1811 fit,
1486 1785 1534 1790 —
1575 1763 1789 1812 darzuthun,
1830 1763 1938 1802 theils
1965 1764 2060 1802 auch
2088 1776 2132 1802 zu
2159 1765 2304 1812 zeigen,

189 1817 279 1855 dass
307 1816 364 1853 bei
391 1820 504 1863 guten
531 1815 818 1853 Schriftstellern
845 1815 960 1852 hierin
986 1815 1097 1852 keine
1125 1814 1424 1863 Nachliissigkeit
1449 1814 1524 1852 und
1542 1814 1700 1852 Willkur
1725 1814 1976 1853 anzunehmen
2003 1816 2061 1863 ist,
2089 1816 2149 1854 die
2175 1815 2307 1853 indess-
2360 1839 2362 1844 ·
2417 1811 2429 1826 ⁸

189 1868 248 1904 fur
274 1867 431 1914 Sp’atere
458 1865 560 1903 nicht
585 1866 783 1913 geleugnet
809 1865 958 1902 werden
984 1866 1100 1903 kann.

315 1917 420 1962 Quae
447 1916 535 1954 inde
563 1917 610 1953 ab
637 1916 700 1953 illo
727 1919 894 1964 tempore
925 1937 975 1943 —
1012 1916 1111 1954 1839
1144 1937 1193 1943 —-
1226 1915 1384 1954 editores
1410 1920 1447 1953 et
1472 1916 1700 1964 grammatici
1726 1915 1776 1954 ad
1803 1916 1967 1965 singulos
2006 1916 2108 1955 locos
2146 1916 2302 1955 adnota-

191 1974 333 2015 verunt,
362 1969 505 2006 silentio
533 1972 738 2016 praetereo,
773 1967 884 2014 quod,
918 1979 1013 2014 quae
1040 1968 1084 2004 iis
1111 1968 1271 2004 Haasius
1298 1967 1463 2015 praeivit,
1497 1968 1607 2004 latius
1632 1971 1812 2015 repetunt,
1844 1978 1964 2014 neque
1990 1967 2187 2015 quidquam
2214 1969 2302 2006 novi

191 2018 426 2056 addiderunt.
479 2019 566 2056 Mea
591 2017 739 2066 quidem
766 2018 950 2056 sententia
975 2018 1035 2055 hic
1061 2018 1302 2054 ablativorum
1330 2018 1408 2055 abs.
1435 2029 1523 2056 usus
1549 2029 1621 2055 non
1649 2029 1673 2055 a
1698 2018 1811 2055 latino
1838 2029 2006 2056 sermone
2032 2018 2228 2068 discrepat,
2262 2018 2302 2056 id

190 2070 290 2119 quod
316 2070 442 2119 optimi
470 2074 642 2107 auctores
667 2070 841 2118 probant3
870 2073 907 2106 et
932 2070 969 2106 in
993 2080 1040 2106 ea
1067 2069 1248 2107 sententia
1273 2074 1329 2107 est
1355 2069 1626 2117 quiescendum.

315 2122 446 2159 Restat
472 2121 642 2168 denique,
669 2125 710 2159 ut
735 2132 962 2168 moneamus,
997 2120 1099 2169 apud
1126 2121 1322 2158 Caesarem
1349 2122 1487 2158 nullum
1514 2122 1722 2169 exemplum
1749 2133 1899 2159 casuum
1926 2122 1999 2158 abl.
2027 2122 2106 2159 abs.
2134 2121 2299 2169 inveniri,

191 2172 297 2222 cujus
328 2172 581 2221 praedicatum
614 2173 661 2209 sit
691 2172 922 2233 participium
952 2150 1127 2209 'futurum
1181 2171 1299 2209 Etiam
1332 2172 1374 2218 is,
1415 2183 1521 2220 quem
1561 2176 1697 2210 vocant
1732 2184 1868 2211 merum
1907 2173 1979 2211 abl.
2018 2173 2096 2210 abs.
2088 2200 2111 2232 ,ζ
2150 2172 2211 2221 qui
2248 2173 2302 2209 ita

191 2228 431 2272 comparatus
471 2228 538 2271 est,
579 2228 619 2261 ut
644 2224 876 2272 participium
917 2224 1035 2261 solum
1063 2223 1288 2271 exhibeatur,
1328 2235 1401 2262 uno
1440 2229 1580 2261 tantum
1619 2224 1701 2261 loco
1741 2229 1850 2272 atque
1883 2236 1927 2262 eo
1959 2224 2069 2262 dubio
2100 2224 2299 2262 invenitur:

191 2277 225 2314 b.
253 2287 290 2324 g.
318 2275 399 2323 VII,
428 2275 489 2323 52,
523 2276 556 2312 1.
611 2275 762 2314 Postero
795 2274 854 2313 die
880 2274 1024 2314 Caesar
1050 2303 1059 2312 .
1077 2303 1085 2312 .
1103 2303 1112 2312 .
1140 2275 1379 2313 temeritatem
1406 2274 1714 2325 cupiditatemque
1740 2275 1889 2314 militum
1916 2274 2161 2326 reprehendit,
2202 2274 2302 2324 quod

190 2329 259 2366 sibi
287 2327 358 2376 ipsi
381 2326 662 2376 judicavissent,
690 2339 763 2374 quo
782 2327 1055 2376 procedendum
1076 2331 1140 2363 aut
1165 2326 1251 2373 quid
1277 2327 1461 2375 agendum
1488 2327 1683 2374 videretur,
1711 2338 1831 2375 neque
1856 2329 1962 2375 signo
1981 2327 2180 2375 recipiendi
2207 2328 2297 2364 dato

190 2378 441 2417 constitissent
474 2388 594 2426 neque
626 2389 651 2415 a
676 2378 828 2416 tribunis
853 2378 1008 2416 militum
1036 2377 1240 2426 legatisque
1257 2378 1409 2416 retineri
1436 2378 1639 2427 potuissent
1665 2379 1887 2427 exposito,
1915 2377 2002 2427 quid
2029 2377 2200 2426 iniquitas
2227 2377 2299 2416 loci

190 2434 330 2479 posset.
349 2458 357 2466 .
375 2457 383 2465 .
418 2450 468 2455 —
501 2430 719 2476 Gronovius,
759 2429 1060 2477 Qudendorpius,
1099 2428 1342 2467 Schneiderus
1379 2435 1595 2477 receperunt
1632 2431 1897 2478 „exposito“‚
1938 2430 2004 2467 sed
2042 2429 2304 2477 Nipperdeius,

190 2480 410 2531 Seyffertus,
451 2480 658 2567 Iilranerus,
698 2480 862 2519 Kochius
903 2481 1093 2528 vulgatam
1134 2480 1323 2518 lectionem
1364 2480 1604 2519 retinuerunt:
1742 2491 1860 2529 neque
1898 2480 2043 2519 retineri
2082 2480 2297 2529 potuissent.

189 2532 381 2581 Exposuit,
408 2532 470 2578 qui
499 2559 509 2568 .
525 2559 535 2568 .
552 2560 560 2568 .

315 2581 424 2628 Quod
458 2581 510 2620 ad
542 2581 638 2620 hunc
669 2582 789 2621 locum
822 2582 970 2621 attinet:
1024 2582 1058 2619 b.
1088 2592 1119 2619 c.
1146 2581 1174 2629 Ι,
1215 2583 1276 2630 30,
1316 2583 1352 2620 3.
1419 2582 1631 2631 Caralitani,
1672 2582 1778 2621 simul
1818 2581 1867 2620 ad
1904 2593 1945 2620 se
1982 2582 2165 2620 Valerium
2206 2581 2301 2621 mitti¹

192 2635 396 2681 audierunt,
436 2633 598 2672 nondum
633 2634 797 2683 profecto
830 2646 877 2672 ex
909 2634 1020 2672 Italia
1052 2645 1120 2670 sua
1151 2638 1280 2682 sponte
1312 2635 1455 2672 Cottam
1494 2646 1541 2672 ex
1573 2635 1708 2683 oppido
1736 2634 1894 2683 ejiciunt.
1928 2655 1978 2661 —
2010 2634 2303 2672 subaudiendum-

191 2697 274 2725 esse
287 2686 395 2734 „eo“,
410 2684 643 2724 manifestum
650 2689 717 2734 est,
732 2685 831 2734 quod
844 2686 1017 2724 omissum
1026 2689 1098 2732 est,
1115 2696 1195 2723 oum
1202 2686 1694 2735 nomen„Valerium“paulo
1703 2685 1909 2724 antecedat.
1947 2684 2045 2724 Cssb.
2060 2697 2096 2734 g.
2111 2686 2173 2734 IV,
2185 2686 2243 2734 12,
2259 2685 2302 2724 2.

313 2737 388 2774 Sed
418 2737 511 2774 haec
538 2736 728 2784 hactenus,
756 2737 851 2774 alias
877 2737 1036 2774 fortasse
1063 2736 1257 2774 occasione
1283 2737 1371 2774 data
1397 2738 1515 2785 plura.
