2485 3028
1165 166 1167 168 ,
1225 113 1369 172 Ῑχθψμ

314 257 349 294 b.
378 268 414 304 g.
442 256 471 302 I,
500 255 563 302 32,
592 255 627 293 2.
681 254 949 292 Animadvertit
969 255 1120 302 Caesar,
1150 267 1241 293 unos
1268 268 1315 293 ex
1341 257 1507 294 omnibus
1534 256 1727 303 Sequanos
1753 256 1842 294 nihil
1868 268 1993 294 earum
2019 268 2137 294 rerum
2165 256 2301 304 facere,

188 319 298 356 quas
326 307 437 345 ceteri
464 306 677 343 facerent.
731 305 788 343 Cf.
818 306 850 342 b.
879 317 915 353 g.
944 307 991 353 11,
1025 307 1082 352 16,
1110 307 1152 354 43
1193 308 1240 354 11,
1267 307 1330 354 32,
1358 308 1400 354 33
1445 308 1509 354 ΠΙ,
1544 306 1578 354 8,
1608 308 1649 355 2;
1695 308 1756 355 IV,
1790 308 1851 355 22,
1891 309 1927 354 13
1973 307 2016 354 V,
2043 308 2082 355 4,
2109 308 2149 355 33
2192 307 2235 355 V,
2265 308 2300 355 7,

192 361 233 407 73
272 359 317 406 V,
345 358 407 405 54,
438 359 477 404 13
517 357 580 403 VI,
607 357 669 404 25,
698 357 740 404 ὃς
780 357 841 403 VI,
871 357 932 403 32,
965 360 1003 404 13
1046 358 1123 405 VII,
1152 358 1214 403 33,
1240 358 1277 394 4.

314 408 546 457 Oonjunctivi
579 408 677 445 modi
704 408 870 445 omnibus
896 408 955 445 his
987 409 1077 445 locis
1110 420 1182 445 una
1210 408 1414 456 eademque
1440 414 1498 446 est
1524 420 1657 456 causa;
1704 410 1957 458 conjunctivus
1991 410 2085 447 enim
2120 408 2302 457 significat

189 473 263 499 non
289 472 365 498 rem
394 464 517 497 actam
549 458 615 497 sed
648 469 723 495 rem
757 459 975 507 cogitatam3
1022 459 1272 508 conjunctivus
1304 471 1377 497 non
1409 465 1466 497 est
1497 459 1639 506 modus,
1675 464 1714 497 ut
1747 461 1798 497 ita
1830 460 1962 508 dicam,
2003 461 2206 510 objectivus
2233 459 2302 498 sed

189 512 422 561 subJectivus,
451 516 488 549 et
516 522 633 548 rerum
661 510 817 559 scriptor
842 510 980 548 indicat
1013 511 1081 548 hoc
1115 511 1234 559 modo,
1270 523 1342 549 non
1375 523 1422 549 ex
1454 512 1576 549 animo
1610 522 1677 548 suo
1709 522 1749 549 se
1783 512 1851 549 sed
1884 513 1978 550 alius
2010 523 2197 562 personae.
2223 523 2301 550 rem

189 576 375 609 enarrare,
404 574 518 610 quare
545 562 581 599 in
609 562 806 599 enuntiatis
834 562 1078 599 consecutivis
1106 563 1205 610 ipsis,
1240 569 1420 610 quatenus
1452 562 1624 610 cogitata,
1658 574 1754 610 quae
1787 568 1935 601 exstant
1966 564 2004 600 in
2030 564 2299 611 imaginatione,

189 615 391 661 continent,
419 613 548 650 modus
576 612 829 661 conjunctivus
857 613 1002 660 ponitur
1028 619 1064 649 et
1090 613 1197 650 simul
1224 613 1259 650 in
1287 613 1482 650 enuntiatis
1509 612 1682 660 relativis,
1717 624 1812 661 quae
1840 625 1921 651 cum
1949 614 1993 652 iis
2020 615 2298 665 conjunguntur.

189 665 332 706 Eadem
361 665 408 704 de
435 677 550 703 causa
577 663 686 703 etiam
714 664 751 703 in
779 664 943 703 oratione
970 665 1117 713 obliqua
1145 666 1267 703 omnia
1293 665 1480 703 enuntiata
1507 664 1738 713 secundaria,
1773 678 1869 713 quae
1901 667 1937 704 in
1969 667 2134 704 oratione
2160 667 2300 704 directa

189 719 300 755 modo
327 717 526 754 indicativo
560 716 788 762 exhibentur,
823 721 860 752 et
891 717 1079 752 enuntiata
1112 717 1277 761 relativa,
1311 716 1457 752 modum
1492 716 1626 759 habent
1659 715 1940 762 conjunctivum,
1975 717 2072 763 quod
2103 717 2297 764 intelliges,

189 769 222 809 si
249 768 390 818 capita:
436 766 470 805 b.
499 777 535 816 g.
564 767 593 815 I,
622 765 689 815 313
735 766 763 815 I,
791 766 859 815 473
901 766 946 814 ΙΙ,
981 766 1003 804 3
1038 770 1074 805 et
1100 766 1142 815 43
1188 767 1265 815 VII,
1305 766 1361 815 14,
1397 767 1482 815 alia,
1516 778 1612 816 quae
1644 766 1782 815 passim
1816 766 1926 806 obvia
1958 774 2053 816 sunt,
2086 768 2298 817 perlegeris.

190 821 274 865 Qua
301 821 348 856 de
381 831 496 855 causa
528 820 637 855 etiam
672 819 871 864 enuntiata,
906 830 1001 865 quae
1036 824 1222 864 vocantur,
1258 820 1423 855 causalia
1456 830 1537 856 cum
1569 819 1677 855 modo
1710 819 1942 866 conjunctivo
1970 824 2235 866 construuntur,
2267 819 2299 856 si

191 882 342 910 causam
370 881 444 908 non
471 881 518 907 ex
546 870 705 907 auctoris
738 869 858 907 animo
891 868 1145 919 depromptam
1180 869 1246 908 sed
1279 870 1373 908 alius
1407 869 1596 920 cujusdam
1632 880 1812 919 personae
1845 870 2041 919 continent,
2077 869 2181 921 cujus
2214 883 2297 909 con-

190 924 398 961 structionis
426 923 610 970 permulta
636 922 866 958 inveniuntur
897 922 998 968 apud
1026 922 1223 958 Caesarem
1256 923 1444 969 exempla:
1492 923 1526 958 b.
1554 934 1589 968 g.
1618 923 1646 967 I,
1679 922 1715 967 6,
1748 923 1789 968 33
1835 923 1863 968 I,
1897 923 1959 968 37,
1988 923 2029 969 23
2076 924 2122 969 II,
2161 924 2219 968 11,
2253 924 2297 969 43

187 975 251 1022 IV,
288 975 346 1022 13,
387 973 429 1022 53
475 972 520 1022 V,
562 973 597 1020 6,
639 972 679 1020 33
727 972 786 1019 VI,
828 973 890 1019 31,
928 974 967 1019 13
1017 972 1078 1020 VI,
1119 973 1180 1020 40,
1221 973 1261 1020 23
1307 973 1386 1020 V11,
1431 973 1465 1020 2,
1500 973 1540 1019 23
1586 972 1665 1020 VII,
1700 972 1762 1019 33,
1796 971 1831 1018 2,
1865 972 1970 1010 alias.
2030 973 2297 1021 Nonnunquam

190 1027 306 1064 verba
333 1024 479 1062 dicendi
507 1025 566 1061 vel
594 1023 836 1070 existimandi,
866 1024 895 1060 si
924 1029 1107 1071 ponuntur
1135 1025 1168 1061 in
1197 1025 1393 1061 enuntiatis
1421 1024 1639 1071 causalibus,
1670 1023 1777 1061 modo
1806 1024 2037 1072 conjunctivo
2058 1024 2300 1073 proferuntur,

191 1088 414 1127 quamquam
449 1087 563 1114 causa
596 1076 690 1114 inest
730 1087 801 1112 non
841 1075 876 1112 in
917 1076 1029 1113 verbo
1070 1076 1213 1113 dicendi
1255 1075 1321 1114 sed
1362 1077 1396 1113 in
1437 1088 1492 1123 eo,
1535 1075 1632 1123 quod
1670 1076 1816 1123 dieitur3
1874 1088 1920 1113 ea
1961 1081 2017 1114 est
2056 1077 2304 1124 praesumptio

190 1130 374 1177 quaedam
404 1128 691 1163 constructionis.

315 1180 351 1217 b.
379 1191 414 1227 g.
451 1179 479 1226 I,
513 1179 575 1225 23,
608 1180 643 1216 3.
703 1178 873 1225 Helvetii,
914 1189 980 1215 seu
1012 1178 1130 1226 quod
1169 1178 1295 1216 timore
1336 1179 1543 1227 perterritos
1578 1179 1764 1216 Romanos
1797 1178 1987 1216 discedere
2019 1190 2043 1215 a
2074 1190 2115 1216 se
2149 1179 2302 1217 existi-

192 1237 384 1275 marent,
414 1242 458 1267 eo
486 1231 615 1276 magis,
649 1230 747 1276 quod
774 1229 890 1277 pridie
921 1231 1165 1276 superioribus
1194 1231 1283 1266 locis
1311 1231 1498 1277 occupatis
1525 1230 1701 1278 proelium
1729 1241 1803 1266 non
1830 1230 2105 1277 commisissent,
2140 1230 2218 1267 sive
2246 1241 2303 1276 eo,

190 1282 307 1332 quod
335 1293 374 1319 re
400 1281 638 1318 frumentaria
663 1280 853 1318 intercludi
882 1291 992 1328 posse
1020 1280 1319 1328 confiderent,
1348 1286 1491 1319 nostros
1518 1281 1657 1328 insequi
1685 1292 1730 1317 ac
1757 1281 1942 1319 lacessere
1969 1287 2178 1329 coeperunt.
2206 1305 2212 1311 -

315 1334 348 1369 b.
377 1345 413 1379 g.
442 1334 470 1378 I,
500 1333 562 1377 27,
590 1333 626 1368 4.
683 1359 691 1367 .
709 1358 717 1366 .
734 1359 742 1367 .
771 1332 849 1368 sive
876 1332 1004 1367 timore
1032 1332 1219 1378 perterriti,
1255 1343 1302 1368 ne
1330 1333 1440 1368 armis
1472 1332 1614 1368 traditis
1642 1332 1821 1378 supplicio
1847 1332 2090 1376 afficerentur,
2126 1332 2204 1368 sive
2235 1342 2303 1378 spe

190 1384 322 1423 salutis
351 1382 499 1431 inducti,
528 1381 645 1431 quod
673 1382 708 1420 in
736 1386 839 1419 tanta
868 1381 1096 1420 multitudine
1130 1394 1234 1420 suam
1269 1382 1392 1432 sugam
1429 1387 1492 1421 aut
1523 1382 1697 1421 occultari
1731 1387 1796 1421 aut
1828 1382 1973 1421 omnino
2007 1382 2167 1431 ignorari
2194 1393 2304 1432 posse

191 1437 519 1481 existimarent,
549 1435 666 1482 prima
694 1440 800 1471 nocte
828 1434 876 1471 ad
904 1434 1069 1471 Rhenum
1100 1435 1373 1472 contenderunt.

318 1488 350 1522 b.
379 1497 417 1533 g.
447 1487 475 1532 I,
509 1485 570 1532 39,
605 1486 640 1521 3.
791 1496 943 1532 quorum
978 1485 1070 1521 alius
1102 1485 1177 1521 alia
1209 1496 1322 1522 causa
1355 1485 1469 1533 illata,
1510 1496 1620 1533 quam
1660 1485 1727 1523 sibi
1761 1484 1809 1521 ad
1843 1483 2144 1534 proficiscendum
2177 1494 2304 1521 neces-

187 1538 329 1575 sariam
357 1549 440 1574 esse
468 1536 638 1574 diceret
666 1565 674 1573 .
692 1565 725 1573 ..

315 1588 378 1632 VI,
408 1588 443 1633 7,
472 1589 506 1622 6.
561 1587 736 1632 Loquitur
763 1587 798 1621 in
827 1587 979 1622 concilio
1007 1587 1143 1633 palam,
1172 1586 1375 1632 quoniam
1403 1587 1577 1623 Germani
1604 1586 1902 1634 appropinquare
1929 1585 2133 1622 dicantur
2160 1612 2169 1621 .
2186 1611 2194 1619 .
2211 1612 2219 1621 .

316 1638 377 1685 VI,
411 1638 472 1686 31,
511 1638 543 1675 1.
605 1637 791 1675 Ambiorix
832 1637 957 1686 copias
997 1649 1083 1675 suas
1118 1637 1305 1686 judicione
1346 1650 1418 1676 non
1460 1637 1684 1685 conduxerit,
1727 1637 1842 1685 quod
1882 1638 2019 1686 proelio
2059 1636 2305 1674 dimicandum

190 1702 265 1727 non
300 1690 589 1735 existimarit,
631 1701 679 1725 an
712 1694 876 1736 tempore
916 1690 1086 1726 exclusus
1120 1694 1156 1725 et
1190 1690 1378 1736 repentino
1412 1691 1569 1736 equitum
1603 1689 1770 1726 adventu
1802 1689 2015 1736 prohibitus,
2055 1688 2201 1725 dubium
2236 1693 2304 1725 est.

191 1741 274 1779 Hoc
300 1741 382 1779 loco
411 1746 534 1778 tamen
562 1739 691 1778 modus
719 1739 970 1789 conjunctivus
997 1741 1107 1778 etiam
1136 1751 1182 1778 ea
1209 1740 1255 1778 de
1283 1752 1396 1778 causa
1424 1741 1562 1789 positus
1589 1746 1656 1788 est,
1693 1740 1791 1789 quod
1819 1740 2043 1778 enuntiatum
2071 1740 2221 1778 causale
2248 1744 2304 1777 est

192 1805 280 1842 pars
307 1793 521 1830 necessaria
547 1792 771 1840 quaestionis
798 1792 1007 1829 indirectae.

319 1844 415 1890 Quin
443 1845 555 1882 etiam
583 1845 619 1881 in
647 1844 843 1882 enuntiatis
876 1844 1035 1882 relativis
1063 1844 1210 1881 modum
1245 1844 1513 1893 conjunctivum
1541 1844 1682 1885 Caesar
1714 1849 1867 1893 usurpat
1893 1844 1972 1882 sine
1999 1844 2176 1891 omnibus,
2210 1854 2304 1890 quas

194 1897 304 1934 modo
333 1897 477 1944 protuli,
506 1896 641 1942 causis,
671 1907 781 1942 quum
809 1896 946 1944 profert
973 1896 1134 1943 cogitata
1161 1896 1289 1933 tertiae
1316 1896 1505 1945 cujusdam
1534 1899 1735 1945 personae:'

318 1949 398 1995 VII,
433 1948 495 1995 33,
536 1948 573 1985 2.
728 1952 967 1995 senatumque
999 1958 1142 1985 omnem
1177 1952 1224 1994 et,
1257 1959 1347 1995 quos
1380 1948 1472 1985 inter
1505 1947 1754 1985 controversia
1785 1952 1919 1994 esset,
1959 1946 2008 1984 ad
2040 1958 2081 1985 se
2114 1947 2303 1985 Decetiam

196 2001 376 2037 evocavit.
431 1999 489 2036 Ad
516 2010 625 2046 quem
652 1999 773 2035 locum
800 1999 987 2035 Kranerus
1014 1999 1186 2035 adnotat:
1234 2011 1272 2035 er
1305 2000 1428 2036 entbot
1454 1999 1527 2037 den
1552 1999 1669 2036 Senat
1694 1998 1770 2035 und
1803 1999 1873 2045 die,
1906 1998 2058 2045 welche,
2092 1998 2188 2035 nach
2221 1998 2305 2035 dem

190 2050 342 2088 Bericht
373 2050 439 2087 der
470 2049 629 2096 Aeduer,
662 2049 698 2086 in
731 2049 843 2087 Streit
875 2049 1049 2097 begriffen
1090 2061 1226 2086 waren.
1287 2050 1353 2087 Cui
1393 2051 1590 2088 consimilis
1630 2054 1685 2087 est
1718 2051 1820 2087 locus
1853 2050 1927 2087 hic:
1980 2050 2060 2096 VII,
2105 2052 2163 2097 11,
2204 2051 2253 2087 5.
2270 2077 2279 2086 .
2296 2078 2304 2086 .

190 2113 363 2150 quaeque
390 2101 439 2138 ad
466 2113 548 2138 eam
577 2112 652 2137 rem
681 2101 761 2138 usui
788 2101 894 2147 sint,
924 2101 1094 2138 militibus
1121 2101 1276 2148 imperat
1303 2101 1489 2150 (Caesar).
1525 2123 1571 2129 —
1605 2113 1701 2148 quae
1734 2101 1784 2137 ad
1809 2112 1893 2138 eam
1919 2112 1995 2138 rem
2023 2101 2126 2137 utilia
2153 2101 2307 2149 putabat

198 2174 244 2180 -
278 2153 484 2190 Kranerus:
543 2153 620 2189 Der
652 2152 879 2201 Konjunctiv
917 2152 984 2188 hat
1022 2152 1146 2190 seinen
1181 2152 1307 2189 Grund
1346 2153 1381 2189 in
1415 2153 1481 2190 der
1513 2154 1707 2200 Pragnanz
1740 2150 1818 2196 des,
1838 2151 2065 2199 Ausdrucks,
2106 2151 2228 2189 indem
2269 2152 2307 2188 in

191 2205 350 2253 imperat
390 2203 457 2241 der
488 2203 630 2251 Begriff
666 2204 767 2241 eines
805 2203 905 2250 dicit,
944 2202 1083 2240 iudicat
1122 2203 1308 2241 euthalten
1347 2204 1410 2241 ist:
1465 2216 1562 2252 quae
1599 2204 1680 2241 usui
1719 2204 1791 2241 sint
1824 2203 1962 2241 indicat
1993 2215 2111 2250 eaque
2137 2203 2304 2252 imperat.

193 2256 300 2301 Quae
328 2255 578 2304 interpretatio
607 2254 692 2292 mihi
718 2255 864 2303 longius
891 2255 1047 2303 repetita
1073 2254 1225 2291 videtur.

318 2308 492 2345 Attamen
525 2307 755 2344 inveniuntur
791 2319 867 2345 non
904 2306 1080 2356 perpauci
1118 2306 1200 2354 loci,
1241 2307 1368 2354 quibus
1401 2307 1541 2345 Caesar
1578 2306 1705 2345 iisdem
1746 2306 2022 2352 conditionibus,
2064 2317 2158 2353 quas
2197 2305 2305 2343 modo

191 2359 443 2407 exposuimus,
473 2358 582 2394 modo
609 2358 805 2395 indicativo
832 2369 920 2395 usus
949 2362 1017 2395 est.
1073 2356 1177 2401 Quae
1210 2369 1288 2394 cum
1324 2370 1383 2396 res
1416 2358 1591 2407 imprimis
1624 2358 1675 2395 ad
1707 2358 1804 2395 hanc
1835 2357 2086 2405 quaestionem
2114 2356 2305 2405 pertineat,

194 2420 351 2458 cumque
384 2409 572 2448 statuerim
606 2420 686 2447 eam
720 2410 918 2459 praecipue
958 2419 1034 2447 rem
1068 2408 1256 2457 indagare,
1297 2421 1449 2448 necesse
1488 2413 1545 2449 est
1576 2409 1686 2448 etiam
1720 2420 1858 2457 omnes,
1900 2408 1962 2457 qui
2001 2408 2072 2446 huc
2112 2407 2305 2457 pertinent,

192 2462 328 2499 afferre
355 2462 469 2499 locos.
525 2461 678 2508 Causas,
713 2473 777 2498 cur
807 2461 997 2498 enuntiata
1024 2461 1190 2507 relativa,
1224 2462 1366 2499 etiamsi
1397 2462 1469 2499 sint
1502 2468 1627 2509 partes
1661 2462 1739 2499 sive
1771 2461 1948 2498 enuntiati
1981 2460 2202 2507 conjunctivi
2228 2460 2306 2496 sive

198 2523 278 2550 acc.
307 2524 339 2549 c.
367 2512 431 2549 inf.
461 2512 540 2549 sive
566 2511 739 2549 orationis
766 2511 948 2560 obliquae,
982 2510 1129 2549 modum
1158 2516 1279 2549 tamen
1312 2512 1474 2550 habeant
1499 2511 1747 2561 indicativum,
1778 2510 2007 2562 grammatici
2033 2510 2101 2548 has
2128 2509 2305 2549 indicant:

195 2564 277 2603 Non
311 2570 395 2602 sunt
426 2564 518 2602 talia
554 2563 733 2612 ejusmodi
765 2564 954 2602 enuntiata
993 2564 1148 2601 relativa
1181 2569 1303 2611 partes
1335 2566 1567 2602 necessariae
1600 2570 1710 2611 atque
1743 2570 1823 2601 arte
1864 2564 2102 2600 cohaerentes
2143 2574 2223 2599 cum
2263 2563 2307 2600 iis

194 2616 404 2663 enuntiatis,
433 2615 564 2663 quibus
592 2615 831 2662 continentur,
859 2614 926 2653 sed
953 2615 999 2651 ab
1024 2619 1174 2652 auctore
1200 2614 1289 2663 ipso,
1323 2627 1395 2665 quo
1427 2615 1514 2663 quid
1547 2615 1664 2664 magis
1696 2615 1915 2662 declaretur,
1950 2613 2164 2663 interposita
2197 2617 2308 2663 atque

194 2667 408 2715 interjecta,
462 2679 536 2704 non
576 2672 661 2704 sunt
699 2667 844 2715 prolata
876 2679 923 2704 ex
956 2666 1090 2713 animo,
1132 2666 1179 2703 de
1219 2668 1400 2705 sententia
1431 2668 1584 2705 dicentis
1623 2668 1683 2704 vel
1717 2666 1912 2715 cogitantis
1944 2665 2012 2703 sed
2037 2665 2306 2712 quodammodo

195 2718 431 2768 interpolata,
457 2718 589 2766 quibus
616 2717 749 2756 excisis
776 2717 1007 2768 demptisque
1035 2717 1253 2756 constructio
1286 2718 1463 2757 enuntiati
1495 2718 1694 2757 consistere
1728 2721 1861 2768 potest.
1914 2716 2124 2766 Kruegerus
2152 2715 2191 2767 (ὅ
2218 2717 2305 2766 652,

196 2770 237 2820 2)
264 2770 336 2808 hoc
365 2782 510 2818 quoque
537 2769 696 2807 addidit:
742 2769 920 2808 Indessen
952 2770 1049 2807 auch
1082 2770 1208 2807 solche
1234 2771 1476 2817 Nebensatze‚
1511 2771 1572 2807 die
1604 2771 1640 2807 in
1674 2770 1746 2807 den
1775 2769 1981 2808 Gedanken
2009 2769 2076 2807 des
2103 2769 2306 2807 Redenden
