2485 3028
1233 116 1259 155 8

1306 168 1372 178 w«.

180 260 355 298 effectum
389 269 499 305 quam
534 258 723 294 consilium
759 258 923 304 respicit,
958 258 1252 305 conjunctioni,
1258 261 1335 305 ,ut“
1366 261 1438 297 vim
1471 260 1744 298 consecutivam
1777 261 1949 306 attribuit,
1989 260 2087 306 quod
2118 261 2228 298 etiam
2261 261 2300 300 in

184 310 348 350 ultimum
387 309 507 348 locum
548 308 599 357 (b.
634 320 666 346 c.
700 309 766 355 111,
807 309 867 356 75,
908 308 948 357 2)
989 309 1123 347 cadere
1156 310 1242 348 mihi
1279 310 1426 359 quidem
1464 321 1681 360 persuasum
1713 315 1787 360 est3
1840 311 1980 350 Caesar
2016 310 2134 359 magis
2173 310 2220 351 de
2259 322 2300 350 re

180 363 335 408 effecta,
369 372 411 399 se
443 361 514 398 hoc
545 361 707 398 instituto
741 359 957 409 Pompejum
990 361 1201 410 decepisse,
1236 374 1346 410 quam
1385 362 1432 399 de
1464 363 1615 400 consilio
1648 374 1732 410 suo,
1775 368 1814 401 ut
1845 362 2059 412 Pompejum
2099 363 2298 411 deciperet,

183 415 221 451 in
246 412 438 451 scribendo
474 412 660 459 cogitavit,
695 411 909 459 praesertim
941 423 1023 448 cum
1052 418 1183 460 postea
1210 425 1284 450 rem
1312 419 1455 461 gestam
1488 414 1752 461 perscripserit.
1805 414 1888 451 Jam
1921 426 2009 451 vero
2046 414 2139 451 inter
2170 424 2299 452 omnes

183 468 329 505 constat
361 474 545 512 persaepe
577 462 766 500 enuntiata
798 463 1036 500 consecutiva
1069 476 1141 501 non
1174 477 1221 502 ex
1254 465 1376 502 animo
1409 465 1598 502 sentientis
1631 464 1691 501 vel
1723 464 1877 503 dicentis
1910 465 2074 515 proferri,
2114 465 2182 503 sed
2214 476 2297 503 esse

180 516 376 555 enuntiata
408 526 529 562 paene
562 515 742 560 absoluta,
777 519 816 550 ut
848 526 1048 562 pronomen
1081 516 1163 562 „is“
1197 516 1233 552 in
1260 517 1303 553 iis
1330 521 1428 553 recte
1455 520 1623 562 ponatur.
1679 515 1786 558 Quod
1815 517 1847 553 b.
1875 529 1911 563 g.
1939 518 1984 563 ΙΙ,
2016 519 2075 562 14,
2104 518 2140 553 5.
2199 518 2298 563 „Pro

184 568 242 606 his
270 566 473 604 Divitiacus
500 565 588 601 facit
616 565 744 601 verba:
793 592 828 601 ..
846 593 855 601 .
883 570 1009 613 petere
1044 578 1115 602 non
1149 567 1265 604 solum
1293 567 1511 603 Bellovacos
1544 565 1611 603 sed
1642 566 1752 602 etiam
1788 578 1854 614 pro
1882 567 1938 605 his
1964 568 2124 615 Aeduos,
2159 571 2198 604 ut
2229 578 2299 605 sua

185 618 382 657 clementia
408 628 454 654 ac
479 615 759 653 mansuetudine
787 616 830 652 in
859 627 933 653 eos
962 617 1216 665 (Bellovacos)
1243 618 1400 663 utatur“,
1430 617 1571 655 Caesar
1597 617 1659 663 „in
1687 617 1778 654 eos“
1807 619 1940 666 posuit,
1970 620 2087 666 legem
2115 630 2298 665 gramma-

188 670 298 708 ticam
327 668 473 706 salvam
507 678 601 715 esse,
645 667 877 704 manifestum
913 672 984 714 est3
1031 679 1115 704 nam
1144 669 1285 706 etiamsi
1312 668 1500 706 Bellovaci
1526 672 1665 717 petunt,
1698 667 1817 706 Aedui
1851 674 1975 707 tamen
2002 670 2183 708 Divitiaco
2211 674 2297 708 ante

185 722 314 760 oculos
341 724 509 767 petentes
536 719 789 765 observantur,
818 723 858 756 ut
884 719 917 756 ei
944 720 1015 756 sint
1043 720 1231 757 Bellovaci
1258 720 1467 758 remotiores
1494 731 1686 768 personae.

313 770 389 808 Sed
417 770 479 807 alii
506 781 651 817 quoque
679 770 749 807 loci
778 770 836 807 bic
863 770 1117 807 considerandi
1145 776 1245 808 sunt:

311 823 345 859 b.
374 834 409 869 g.
438 823 465 868 I,
499 821 556 868 14,
586 823 621 857 3.
665 821 803 865 Quodsi
833 822 965 858 veteris
993 823 1234 859 contumeliae
1263 822 1426 859 oblivisci
1447 823 1569 869 vellet,
1599 834 1682 858 num
1708 822 1817 858 etiam
1845 824 2042 860 recentium
2071 823 2295 872 injuriarum,

186 875 285 924 quod
313 885 363 911 eo
390 873 585 922 (Caesare)
614 873 725 910 invito
753 873 822 909 iter
848 885 913 921 per
940 873 1163 921 provinciam
1192 878 1442 922 temptassent,
1472 903 1480 911 .
1498 902 1506 911 .
1523 901 1532 910 .
1562 873 1770 911 memoriam
1799 872 1985 922 deponere
2012 875 2148 923 posse‘?

312 926 345 962 b.
380 937 415 972 g.
451 925 479 971 1,
514 926 575 971 37,
622 927 654 960 1.
801 925 911 971 legati
952 925 997 960 ab
1032 925 1170 962 Aeduis
1211 931 1247 962 et
1278 926 1324 961 ab
1359 927 1528 962 Treveris
1560 925 1772 962 veniebant:
1826 925 1944 962 Aedui
1977 933 2155 974 questum,
2198 927 2295 974 quod

186 976 371 1023 Harudes,
400 976 461 1022 qui
489 986 606 1022 nuper
633 976 669 1011 in
697 976 857 1012 Galliam
885 976 1121 1022 transportati
1148 981 1282 1021 essent,
1311 976 1403 1013 fines
1430 987 1573 1013 eorum
1603 975 1845 1024 (Aeduorum)
1874 977 2146 1024 popularentur.

315 1027 350 1064 b.
379 1038 416 1074 g.
445 1027 473 1073 I,
500 1027 563 1073 47,
596 1028 628 1062 1.
684 1026 800 1062 Biduo
829 1031 911 1074 post
938 1026 1142 1064 Ariovistus
1170 1027 1218 1063 ad
1245 1027 1443 1064 Caesarem
1471 1028 1614 1074 legatos
1642 1026 1764 1063 mittit:
1812 1027 1918 1064 Velle
1949 1038 1990 1064 se
2018 1028 2064 1065 de
2093 1028 2149 1065 his
2176 1028 2294 1076 rebus,

185 1089 285 1126 quae
312 1079 404 1115 inter
433 1089 508 1114 eos
536 1078 646 1125 (inter
659 1077 878 1113 Ariovistum
907 1083 943 1113 et
958 1077 1173 1126 Caesarem)
1202 1079 1260 1125 agi
1289 1083 1443 1126 coeptae
1470 1090 1588 1125 neque
1615 1077 1802 1125 perfectae
1829 1083 1964 1124 essent,
1993 1090 2103 1126 agere
2130 1091 2210 1116 cum
2239 1091 2295 1116 eo.

314 1129 350 1166 b.
378 1141 414 1176 g
445 1129 486 1165 V
516 1129 576 1175 27,
606 1129 642 1165 2.
789 1127 890 1176 apud
917 1139 1009 1175 quos
1037 1129 1222 1165 Ambiorix
1250 1129 1298 1165 ad
1328 1130 1423 1166 hunc
1450 1129 1594 1165 modum
1624 1129 1764 1166 locutus
1791 1134 1864 1166 est:
1910 1130 2000 1167 Sese
2033 1142 2099 1177 pro
2127 1130 2298 1168 Caesaris

188 1181 226 1217 in
254 1192 293 1217 se
322 1179 601 1227 (Ambiorigem)
639 1179 823 1215 beneficiis
857 1180 1049 1227 plurimum
1084 1180 1117 1216 ei
1145 1180 1306 1216 confiteri
1340 1181 1485 1226 debere,
1519 1179 1617 1227 quod
1650 1182 1728 1227 eJus
1757 1179 1987 1238 (Caesaris)
2001 1181 2182 1228 stipendio
2211 1182 2297 1217 libe-

195 1236 298 1269 ratus
326 1236 434 1277 esset,
464 1230 562 1278 quod
590 1230 794 1267 Aduatueis
820 1230 980 1266 finitimis
1007 1231 1083 1267 suis
1111 1231 1270 1279 pendere
1298 1236 1521 1278 consuesset,
1555 1231 1723 1278 quodque
1750 1230 1789 1267 ei
1817 1229 2048 1280 (Ambiorigi)
2076 1237 2113 1268 et
2139 1232 2234 1304 filius
2261 1237 2298 1269 et

190 1283 314 1320 fratris
342 1282 438 1319 filius
465 1283 511 1318 ab
540 1282 702 1319 Caesare
728 1282 868 1318 remissi
896 1287 1030 1318 essent.

316 1334 350 1369 b.
379 1345 409 1369 c.
439 1334 466 1379 Ι,
501 1334 561 1378 35,
595 1333 632 1367 4.
688 1333 817 1379 Legati
844 1333 1094 1368 Massilienses
1126 1334 1349 1369 renuntiant:
1404 1333 1590 1380 Principes
1630 1345 1717 1369 vero
1755 1344 1838 1369 esse
1875 1344 1999 1368 earum
2040 1301 2195 1380 partium
2230 1334 2297 1370 Cn.

188 1383 406 1436 Pompejum
440 1389 477 1422 et
510 1383 551 1423 C.
587 1383 798 1433 Caesarem,
832 1388 1007 1434 patronos
1041 1383 1214 1433 civitatis3
1261 1396 1412 1433 quorum
1444 1384 1539 1423 alter
1569 1396 1679 1434 agros
1711 1384 1907 1424 Volcarum
1934 1384 2227 1423 Arecomicorum
2262 1389 2299 1424 et

189 1438 439 1474 Helvetiorum
469 1433 612 1483 publice
639 1437 692 1472 iis
720 1437 1042 1482 (Massiliensibus)
1071 1438 1292 1472 concesserit
1320 1438 1505 1484 (Caesar),
1535 1438 1629 1472 alter
1656 1464 1664 1472 .
1682 1464 1690 1472 .
1708 1464 1717 1472 .
1746 1438 1899 1472 auxerit.

314 1487 348 1525 b.
378 1498 409 1524 c.
444 1487 508 1534 111,
542 1487 605 1534 30,
638 1486 674 1523 5.
730 1515 739 1524 .
820 1486 1053 1536 (Pompejus)
1085 1498 1170 1525 suos
1203 1498 1330 1525 omnes
1363 1487 1398 1525 in
1431 1487 1560 1526 castris
1592 1487 1766 1525 continuit
1798 1487 1972 1536 ignesque
1999 1486 2075 1525 fieri
2103 1487 2296 1536 prohibuit,

188 1552 262 1588 quo
289 1539 466 1576 occultior
493 1544 592 1575 esset
619 1538 714 1586 ejus
741 1538 941 1586 (Pompeji)
970 1539 1160 1575 adventus.

314 1589 530 1627 Accuratius
570 1589 637 1626 hos
674 1589 775 1626 locos
813 1589 1104 1638 contemplantes
1142 1589 1305 1637 effugere
1344 1601 1416 1627 non
1456 1594 1587 1638 potest,
1629 1589 1664 1627 in
1706 1589 1761 1627 bis
1802 1589 1997 1627 enuntiatis
2034 1589 2197 1627 relativis
2238 1590 2298 1627 vel

189 1642 402 1680 causalibus
444 1652 501 1678 res
541 1653 580 1678 re
609 1652 698 1677 vera
724 1646 850 1687 gestas
878 1642 1029 1677 narrari.
1090 1641 1185 1678 Sunt
1224 1641 1259 1677 hi
1298 1642 1366 1678 loci
1401 1641 1572 1678 contrarii
1612 1641 1666 1687 iis,
1707 1653 1799 1688 quos
1840 1653 1953 1689 supra
1992 1642 2297 1688 enumeravimus,

190 1693 322 1741 quibus
349 1702 552 1740 pronomen
579 1691 793 1729 reflexivum
822 1697 1026 1739 usurpatur,
1055 1703 1275 1739 quamquam
1304 1691 1433 1729 modus
1460 1691 1676 1730 indicativus
1704 1692 1842 1740 positus
1870 1696 1936 1729 est.
1985 1692 2032 1729 Ut
2059 1692 2132 1729 illic
2159 1691 2300 1730 Caesar

189 1749 255 1781 aut
281 1754 455 1792 persona,
483 1754 579 1790 quae
606 1755 682 1780 rem
710 1748 847 1790 narrat,
882 1744 1087 1790 significare
1114 1743 1229 1780 voluit
1257 1744 1467 1790 pronomine
1495 1743 1681 1790 reflexivo,
1716 1755 1791 1780 rem
1824 1743 1964 1780 narrari
1997 1754 2044 1780 ex
2071 1743 2192 1780 animo
2220 1755 2297 1790 suo,

192 1801 230 1833 et
258 1794 367 1832 modo
395 1793 609 1841 indicativo,
642 1805 717 1831 rem
752 1805 791 1830 re
818 1805 908 1831 vera
934 1794 984 1830 ita
1011 1805 1093 1831 sese
1121 1794 1268 1841 habere,
1302 1795 1354 1832 sic
1386 1806 1406 1831 e
1434 1795 1614 1832 contrario
1646 1794 1702 1832 his
1735 1794 1825 1832 locis
1853 1794 1960 1831 modo
1988 1794 2219 1842 conjunctivo
2246 1795 2299 1831 in-

189 1846 345 1892 dicatur,
381 1856 457 1882 rem
490 1844 643 1893 proferri
677 1856 723 1881 ex
756 1845 876 1882 animo
909 1844 1000 1893 ejus,
1040 1846 1100 1892 qui
1138 1850 1274 1892 narrat,
1313 1851 1348 1882 et
1380 1846 1594 1893 pronomine
1628 1845 1913 1882 demonstrativo
1945 1856 2020 1881 rem
2055 1845 2106 1881 ita
2137 1856 2177 1881 re
2210 1856 2300 1881 vera

190 1908 275 1935 esse
302 1897 450 1934 factam.
505 1897 609 1933 Duos
637 1896 808 1944 parietes,
838 1901 877 1932 ut
903 1896 954 1932 ita
978 1896 1110 1943 dicam,
1139 1901 1266 1933 auctor
1292 1896 1337 1934 de
1366 1896 1495 1934 eadem
1522 1896 1647 1934 fidelia
1674 1896 1833 1934 dealbat.
1875 1896 2081 1944 Supersunt
2106 1900 2300 1944 praeterea

188 1952 264 1986 tres
290 1948 372 1995 loci,
401 1947 530 1995 quibus
558 1948 654 1984 ultra
680 1947 784 1995 leges
810 1948 1070 1995 grammaticas
1098 1948 1238 1985 Caesar
1266 1948 1476 1996 pronomine
1504 1947 1788 1985 demonstrativo
1817 1959 1904 1985 usus
1931 1959 2014 1985 esse
2040 1946 2194 1984 videtur.

316 2000 350 2036 b.
379 2011 415 2047 g.
444 1999 491 2046 II,
523 2001 556 2035 1.
611 1998 752 2036 Caesar
778 1999 906 2036 litteris
935 1999 1084 2036 Labieni
1118 1999 1249 2036 certior
1279 1999 1390 2036 fiebat
1422 2011 1548 2037 omnes
1576 1999 1713 2047 Belgas
1740 2003 1866 2036 contra
1893 1999 2067 2047 populum
2095 1999 2299 2035 Romanum

190 2051 396 2100 conjurare.
462 2049 712 2099 ‚,Conjurandi
752 2050 821 2087 has
859 2061 941 2087 esse
978 2061 1127 2087 causas:
1179 2050 1332 2098 primum
1365 2051 1462 2098 quod
1496 2056 1707 2088 vererentur
1735 2050 1919 2100 (Belgae),
1952 2061 2000 2087 ne
2035 2050 2132 2087 omni
2165 2054 2303 2098 pacata

190 2103 317 2141 Gallia
343 2101 393 2139 ad
420 2113 494 2139 eos
522 2101 702 2139 exercitus
729 2106 854 2139 noster
880 2101 1146 2139 adduceretur.
1162 2129 1170 2138 .
1186 2101 1224 2139 .“

318 2154 352 2190 b.
383 2165 414 2190 c.
442 2154 471 2199 Ι,
500 2153 536 2200 2,
570 2153 606 2189 3.
660 2154 706 2189 M.
741 2153 906 2190 Calidius
938 2153 974 2189 in
1007 2165 1088 2189 eam
1122 2153 1321 2190 orationem
1355 2154 1541 2201 ingressus
1573 2157 1645 2190 est:
1693 2154 1820 2190 timere
1855 2153 2055 2191 Caesarem
2089 2152 2224 2200 ereptis
2256 2152 2302 2188 ab

191 2216 242 2243 eo
270 2203 467 2255 (Caesare)
501 2203 643 2241 duabus
678 2204 894 2252 legionibus,
928 2215 975 2241 ne
1010 2204 1057 2241 ad
1092 2205 1191 2253 ejus
1224 2204 1426 2254 (Caesaris)
1461 2205 1661 2254 periculum
1694 2215 1884 2242 reservare
1918 2209 1955 2242 et
1980 2204 2137 2241 retinere
2163 2214 2228 2241 eas
2255 2202 2305 2241 ad

191 2257 319 2295 urbem
346 2255 547 2305 Pompejus
573 2255 766 2293 videretur.

318 2308 408 2352 Quis
435 2319 509 2345 non
535 2307 714 2354 intelligit,
742 2308 778 2344 in
805 2307 862 2344 his
889 2306 1032 2344 duobus
1059 2307 1254 2345 enuntiatis
1274 2308 1471 2345 Caesarem
1499 2308 1636 2345 referre
1663 2320 1734 2345 non
1763 2319 1809 2344 ex
1836 2319 1914 2355 suo,
1943 2318 2017 2344 non
2044 2318 2092 2343 ex
2106 2306 2304 2353 Belgarum

190 2359 326 2407 animo,
360 2358 427 2397 sed
459 2369 508 2396 ex
540 2358 701 2406 Labieni,
736 2370 783 2396 ex
816 2357 975 2397 Oalidii?
1029 2358 1078 2396 Ut
1116 2358 1361 2407 superioribus
1400 2360 1490 2398 locis
1528 2370 1687 2409 persona
1718 2358 1883 2397 efficiens
1917 2357 2135 2407 praevaluit,
2175 2357 2228 2395 sic
2268 2357 2304 2395 in

191 2412 249 2449 his
276 2411 418 2448 duobus
446 2410 641 2447 enuntiatis
668 2421 838 2457 persona,
866 2421 963 2456 quae
990 2421 1066 2446 rem
1095 2415 1230 2446 narrat.
1283 2412 1373 2447 Item
1401 2411 1471 2448 hoc
1497 2412 1599 2448 loco:

316 2461 351 2500 b.
385 2472 422 2510 g.
457 2460 536 2509 VH,
586 2463 615 2508 l,
656 2461 692 2498 6.
750 2460 931 2510 Imprimis
973 2460 1150 2498 rationem
1192 2471 1273 2499 esse
1310 2461 1519 2500 habendam
1559 2460 1684 2500 dicunt
1719 2459 1866 2510 (Galli),
1908 2459 2117 2509 priusquam
2159 2469 2304 2496 eorum

196 2513 424 2563 (Gallorum)
453 2511 684 2549 clandestina
710 2513 864 2549 consilia
891 2512 1101 2559 efferantur,
1130 2516 1169 2548 ut
1195 2513 1334 2549 Caesar
1360 2514 1406 2549 ab
1434 2514 1596 2550 exercitu
1621 2512 1895 2550 intercludatur.

316 2564 458 2603 Caesar
490 2575 692 2612 pronomen
728 2563 1052 2601 demonstrativum
1067 2563 1224 2633 posuit,
1265 2564 1362 2611 quod
1401 2565 1520 2624 magis
1558 2565 1704 2602 nuntios
1755 2575 1864 2611 quam
1898 2562 2028 2600 Gallos
2060 2567 2145 2600 ante
2179 2563 2305 2601 oculos

193 2615 321 2664 habet3
364 2615 432 2654 sed
458 2614 557 2663 quod
584 2615 644 2652 hic
671 2626 906 2663 pronomen,
910 2616 1075 2660 ,eorum“
1109 2615 1218 2652 ctiam
1247 2615 1295 2652 ad
1321 2628 1397 2662 eos,
1430 2617 1517 2664 „qui
1548 2616 1634 2653 belli
1668 2615 1805 2653 initium
1840 2613 1978 2651 faciant
2010 2618 2046 2651 et
2079 2613 2134 2651 sui
2176 2614 2305 2663 capitis

192 2668 357 2717 periculo
386 2668 549 2705 Galliam
578 2667 614 2704 in
641 2667 844 2705 libertatem
872 2667 1095 2714 vindicent“‚
1124 2666 1249 2705 referri
1276 2672 1406 2716 potest,
1435 2669 1531 2706 hunc
1558 2669 1677 2706 locum
1705 2668 1854 2705 missum
1882 2666 1992 2703 facio.

317 2719 485 2767 Denique
523 2718 633 2756 liceat
665 2718 751 2756 mihi
782 2730 921 2768 paucos
954 2718 1087 2756 afferre
1119 2719 1231 2765 locos,
1271 2720 1399 2766 quibus
1441 2719 1706 2768 comprobetur,
1748 2728 1947 2767 pronomen
1982 2716 2115 2765 „ipse“
2155 2728 2228 2755 non
2267 2717 2304 2754 in

192 2771 401 2810 universum
428 2783 496 2820 pro
522 2771 737 2820 pronomine
763 2770 939 2809 reflexivo
973 2775 1038 2808 aut
1070 2769 1353 2809 demonstrativo
1388 2771 1560 2810 collocari
1587 2782 1709 2820 posse,
1738 2771 1790 2808 ita
1822 2774 1860 2807 ut
1892 2779 2038 2817 semper
2071 2773 2170 2808 recte
2202 2781 2305 2808 usur-
