2485 3028
1208 146 1254 188 u

174 305 216 342 χ’,
294 294 328 330 b.
357 305 395 331 c
409 294 440 340 I,
455 294 531 340 38,
546 294 582 330 2.
638 321 646 329 .
690 292 1233 342 .offieiaintersepartiuntur,
1248 292 2281 342 utiVarro‘cuniisqneehahebatlegionihusomnem

170 344 378 383 ulteriorem
394 342 614 392 Hispaniam
627 346 802 379 tueatur
837 362 838 366 =
874 362 924 371 -
938 342 1016 379 Nisi
1028 342 1124 380 forte
1135 342 1233 396 hunc
1245 343 1367 380 lecum
1375 344 1437 397 iis,
1445 343 1944 398 quovnpraaauduulocis
1955 343 2207 389 adnumerare
2211 345 2280 383 vie.

172 413 175 416 -
217 401 220 403 ’
281 387 499 483 gncdigl,
495 387 574 442 (87,
597 394 665 481 ιζ
676 394 756 432 Qn
775 395 857 471 non
869 393 1116 458 audistisex
1106 392 1176 441 iis
1171 392 1345 444 'quiper
1354 393 2087 444 amulemdinufflenamerantff
2111 395 2284 470 cohortes

170 452 278 484 esse¹
356 457 380 483 ιι
478 423 600 483 iactu
718 449 719 452 ’

184 505 201 510 ·’
287 495 372 535 scd
403 491 563 548 restant
572 504 724 544 semper
754 468 839 543 loci,
880 495 942 544 qni
973 496 1029 534 his
1061 496 1228 534 omnibus
1253 469 1611 555 interpretationibus
1632 474 1730 549 erui
1750 509 1838 535 ιιοιι
1844 469 2027 546 possint.
2050 497 2154 543 Nihil
2178 461 2281 535 aliud

171 547 403 600 relinquitur,
423 542 512 586 nisi
520 549 571 585 ut)
588 546 670 586 hoc
677 546 944 611 concedamus.
974 546 1014 585 si
1041 547 1115 586 cni
1125 547 1292 598 scriptori
1309 546 1431 585 latino
1449 556 1513 586 res
1526 550 1568 585 ut
1593 549 1632 586 re
1649 546 1742 586 vera
1757 546 1983 595 remeante
1998 548 2148 588 mentis
2148 548 2286 588 oculos

170 595 438 649 obversantur,
444 597 561 651 miodo
587 596 789 640 indicativo
799 608 883 637 eas
890 597 1065 648 exhibet,
1106 610 1226 647 neque
1250 605 1308 637 est
1331 598 1548 646 mirandum,
1580 598 1697 647 quod
1695 604 1785 637 tam
1809 601 1925 651 stepo
1944 613 1975 644 a
2000 601 2152 639 nosm-
2150 612 2280 649 gram·

170 650 315 688 maricis
345 645 490 688 ommni
520 654 633 697 atque
659 650 899 689 constitutam
930 651 1053 698 legem
1085 650 1187 687 latini
1220 651 1434 699 scriptores
1441 650 1711 698 neglexerunt,
1729 650 1819 688 sed
1829 652 1965 710 potius
1974 656 2038 691 est
2062 651 2283 700 mirandum,

169 696 270 752 qdod
301 708 376 740 tam
410 705 648 741 constanter
645 712 738 739 eam
770 699 1069 739 observaverunt.
1128 702 1249 739 Etiam
1287 702 1431 739 latinis
1441 702 1538 750 solip
1539 700 1676 739 toribus
1712 713 1832 739 snum
1842 705 2280 750 est1arbitrinm,snnm

165 749 355 801 judicium,
386 761 527 803 neque
535 756 672 801 potest
680 752 819 805 lingua
837 752 950 800 viva,
976 762 1074 800 quae
1097 752 1135 789 in
1162 751 1241 790 dies
1267 752 1405 802 magis
1414 713 1597 802 procedit
1604 756 1736 801 atque·
1741 752 2012 815 progreditur,j
2008 754 2113 794 artis
2137 754 2284 803 legibus

169 804 424 854 grammaticis
460 804 649 851 coerceri,
672 800 810 841 eontra
846 814 915 840 nos
954 815 1001 840 ex
1036 804 1185 851 scriptis
1224 804 1419 841 latinorum
1451 804 1683 851 scriptorum
1703 804 1848 842 ratione
1874 817 1932 843 ac
1960 806 2036 853 via,
2076 811 2281 854 temporum

169 855 362 893 decursum
389 858 599 903 sequentes,
639 855 744 904 leges
774 854 1034 903 grammaticas
1066 863 1286 903 componere
1317 858 1431 903 atque
1454 855 1659 893 enucleare
1669 853 1866 894 dehemus.
1905 856 1994 896 Ηιιε)
2026 856 2145 906 pertin
2120 860 2208 896 nent
2242 855 2280 895 hi

169 908 252 954 loci,
280 918 374 954 quos
384 907 614 994 sigigillatim
638 907 793 943 laudare
819 907 966 953 longum
987 911 1058 943 est:
1085 906 1120 943 b.
1149 919 1184 954 g.
1214 908 1274 953 IV,
1308 909 1340 954 l,
1370 909 1435 954 103
1462 908 1524 954 43,
1553 908 1593 973 63
1620 908 1664 954 V,
1688 908 1733 955 8,
1756 908 1800 954 ὃς
1812 908 1870 969 V,
1898 908 1960 955 51,
1987 910 2029 956 43
2057 910 2118 956 IV,
2153 910 2208 956 12,
2236 910 2280 955 63

169 936 1079 1037 IV,'38‚2,cI,62‚13‚‚11324ete.

217 1032 221 1036 ·
291 1011 447 1048 Prorsus
473 985 737 1047 memorabiles
756 1012 841 1046 sunt
866 1009 937 1046 loci
964 1009 1017 1045 hi.
1613 1026 1614 1029 =
1790 1020 1804 1040 ·».

291 1061 327 1097 1).
355 1071 387 1097 c.
415 1061 481 1108 ΠΙ,
516 1062 598 1108 107,
626 1061 662 1096 2.
715 1060 862 1096 Interim
895 1056 1162 1097 controversias
1194 1070 1334 1107 regum
1343 1060 1398 1096 ad
1424 1060 1597 1108 populum
1625 1064 1663 1096 et
1685 1059 1739 1097 ad
1762 1037 1815 1107 se,
1855 1060 1955 1108 quod
1986 1066 2106 1099 esset
2137 1062 2281 1110 consul,

167 1106 350 1162 pertinere
377 1089 598 1151 existimans}
627 1115 738 1159 atque
771 1122 815 1149 ec
847 1111 981 1159 magis
997 1109 1119 1149 officio
1146 1122 1212 1149 suo
1240 1111 1447 1160 convenire,
1487 1111 1605 1160 quod
1630 1110 1817 1181 superiore
1838 1112 2036 1150 consulatu
2063 1125 2144 1152 cum
2172 1117 2279 1163 patre

167 1165 384 1201 Ptolomaeo
411 1168 448 1200 et
474 1164 558 1211 lege
585 1167 623 1199 et
650 1167 803 1200 senatus
826 1163 994 1199 consulto
1021 1163 1179 1199 societas
1206 1168 1302 1199 erat
1326 1163 1439 1210 facta,
1465 1163 1659 1202 ostendit.

292 1214 375 1260 Quo
400 1215 484 1252 loco
510 1214 631 1263 magis
655 1213 782 1254 sentiri
809 1225 919 1261 quam
946 1213 1088 1251 definiri
1114 1218 1249 1263 potest,
1284 1212 1464 1262 quomodo
1491 1214 1585 1252 inter
1609 1226 1651 1253 se
1676 1190 1849 1258 differant
1874 1214 2005 1252 modus
2024 1186 2281 1264 conjunctivus

168 1271 205 1303 et
230 1266 449 1303 indicativae
476 1267 513 1302 in
540 1266 748 1312 enuntiatis,
777 1276 872 1312 quae
900 1266 1076 1312 incipiunt
1102 1277 1126 1302 a
1154 1265 1406 1314 conjunctione
1433 1265 1595 1314 „quod“.
1647 1266 1760 1303 Multo
1778 1265 1942 1314 dignior,
1968 1267 2032 1313 qui
2058 1278 2276 1330 commemo-

166 1321 275 1366 retur,
304 1321 375 1356 est
384 1317 490 1356 iocus
515 1316 593 1355 hic.

291 1370 325 1406 b.
353 1382 389 1417 g.
417 1371 446 1416 I,
474 1369 537 1416 40,
566 1370 602 1406 5.
656 1369 810 1406 Factum
837 1368 918 1417 ejus
946 1369 1061 1405 hostis
1082 1370 1307 1416 periculum
1320 1373 1467 1418 patrum
1489 1349 1694 1406 nostrorum
1721 1371 1907 1416 memoria,
1947 1380 2030 1407 cum
2057 1370 2213 1407 Cimbris
2240 1375 2280 1408 et

166 1420 341 1459 Teutonis
368 1432 404 1458 a.
432 1420 474 1458 (Σ
502 1420 619 1458 Mario
652 1420 770 1469 pulsis
800 1431 874 1458 non
905 1420 1083 1458 minorem
1114 1419 1263 1458 laudem
1296 1421 1476 1458 exercitus
1507 1431 1618 1468 quam
1649 1420 1730 1469 ipse
1755 1421 1951 1470 imperator
1976 1421 2125 1460 meritus
2152 1421 2278 1459 vide-

166 1473 312 1520 batur3
344 1472 482 1522 factum
508 1472 621 1511 etiam
649 1500 658 1508 .
676 1499 685 1507 .
702 1499 710 1508 .
738 1492 790 1499 —-
816 1470 1003 1519 Videmus,
1031 1472 1232 1509 Gaesarem
1260 1473 1336 1513 sive
1362 1472 1536 1509 orationis
1561 1471 1710 1509 flumine
1740 1472 1820 1510 sive
1844 1472 2118 1521 imaginationis
2151 1473 2279 1521 vigore

166 1528 384 1563 commotum
411 1517 631 1573 praeteritas
656 1535 717 1562 res
743 1528 918 1571 tanquam
945 1528 1163 1572 praesentes
1201 1523 1338 1562 vidisse
1376 1525 1499 1572 itaque
1530 1524 1577 1562 ab
1598 1524 1773 1567 oratione
1805 1523 1983 1562 indirecta
2013 1524 2063 1562 ad
2099 1524 2279 1563 directam

164 1576 365 1623 transiisse,
393 1575 431 1612 id
458 1575 556 1623 quod
583 1586 764 1623 persaepe
791 1575 891 1623 apud
918 1586 1073 1622 graecos
1100 1576 1296 1623 scriptores
1322 1575 1410 1622 fieri,
1438 1576 1532 1612 inter
1557 1585 1684 1613 omnes
1710 1573 1902 1625 constat⁸).

1231 1717 1270 1756 3.

451 1800 527 1848 De
560 1798 1004 1859 conjunctionibus
1037 1717 1219 1859 ‚,cumff‘
1251 1800 1301 1847 ct
1331 1799 1694 1863 „priusqnain“
1727 1799 1988 1862 quaedam.

286 1884 412 1922 Nostri
440 1892 570 1921 omnes
602 1882 831 1931 grammatici
863 1883 1104 1932 praecipiunt,
1147 1888 1187 1920 ut
1223 1883 1355 1930 „cum“
1394 1882 1597 1932 temporale
1634 1893 1715 1920 eum
1748 1882 1857 1920 modo
1877 1883 2097 1931 indicativo,
2139 1884 2280 1930 „cum“

162 1936 315 1974 causale
341 1942 423 1973 eum
449 1934 688 1994 conjunctivo
723 1935 967 1995 conjungatur
975 1933 1018 1984 ⁹).
1073 1935 1121 1973 Et
1151 1934 1355 1994 profecto,
1359 1945 1452 1982 ,cum
1484 1933 1664 1972 'causale“
1684 1933 1841 1983 quidem
1874 1944 2021 1983 semper
2052 1934 2153 1984 apud
2179 1934 2277 1972 Cae-

163 1995 285 2026 sarem
312 1998 394 2025 cum
420 1986 532 2025 modo
560 1985 803 2036 conjunctivo
822 1991 1065 2024 constructum
1093 1987 1304 2033 invenimus,
1344 1991 1384 2023 ut
1414 1985 1464 2024 ad
1491 1986 1586 2024 haec
1610 1986 1928 2034 grammaticamm
1955 1991 2157 2035 praecepta
2183 1986 2273 2024 nihil

161 2038 375 2077 addendum
401 2048 486 2076 esse
510 2041 650 2088 putem.
704 2037 833 2088 Pauca
863 2040 1002 2075 tantum
1036 2037 1086 2075 ad
1118 2049 1183 2076 eos
1214 2038 1333 2075 locos
1341 2037 1597 2086 Caesarianos,
1637 2036 1769 2086 quibus
1798 2037 1932 2086 „cum“
1964 2048 2045 2076 cum
2064 2036 2273 2080 indicativo

161 2091 396 2140 conjunctum
423 2093 492 2138 est,
529 2088 714 2127 adnotare
746 2089 784 2127 in
817 2089 938 2127 animo
966 2089 1098 2127 habeo.
1152 2090 1440 2137 Enuntiatorum,
1465 2089 1506 2127 in
1529 2089 1659 2137 quibus
1684 2089 1819 2137 ,,ιιιιιιιίί
1845 2090 2077 2148 conjunctum
2104 2093 2162 2127 est
2187 2099 2269 2126 cum

160 2141 371 2189 indicativo,
410 2141 482 2178 tria
513 2150 653 2189 genera
683 2152 708 2177 a
739 2141 990 2188 grammaticis
1021 2141 1252 2179 exhibentur:
1294 2141 1333 2189 1)
1364 2141 1575 2189 Enuntiata,
1606 2150 1715 2189 quae
1740 2150 1884 2178 merum
1894 2140 2069 2190 stempas,
2111 2151 2182 2188 quo
2210 2151 2274 2177 res

160 2193 309 2242 geritur,
336 2170 519 2241 indicant3
547 2191 588 2240 2)
614 2202 710 2239 qnae
737 2191 956 2240 significant,
986 2191 1125 2240 aliquid
1150 2191 1346 2229 identidem
1370 2196 1494 2240 atque
1498 2200 1761 2241 saepenumero
1780 2190 1874 2240 lieri3
1899 2191 1961 2240 3)
1959 2201 2067 2240 quae
2084 2191 2270 2229 continent

159 2247 279 2281 artam
312 2243 504 2281 factorum
551 2242 836 2280 cohaerentiam.
901 2243 952 2279 At
996 2245 1150 2291 primum
1196 2248 1250 2280 est
1292 2240 1523 2291 monendum,
1569 2253 1652 2280 eam
1688 2240 1915 2280 iterationem
1951 2242 2142 2289 factorum,
2183 2253 2267 2278 eam

158 2294 340 2342 factorum
379 2293 653 2332 cohaerentiam
683 2304 771 2331 ιιοιι
818 2293 1075 2345 conjunctione
1121 2294 1256 2341 „cum‘
1297 2294 1488 2341 contineri,
1531 2293 1599 2331 sed
1637 2293 1869 2343 temporibus·
1894 2293 2007 2330 verbi
2045 2292 2186 2340 inesse,
2229 2291 2271 2330 id

158 2345 269 2394 qnod
286 2345 539 2394 grammatici
550 2344 650 2383 hand
675 2345 746 2393 ita,
770 2349 814 2383 ut
839 2342 1052 2392 debuerunt,
1087 2350 1274 2393 spectasse
1305 2345 1394 2383 mihi
1417 2345 1598 2400 videntur.
1650 2344 1902 2395 conjunctio,
1905 2344 2027 2393 ,cum“
2052 2343 2142 2381 nihil
2169 2342 2271 2381 aliud

159 2402 217 2437 est
248 2397 318 2437 nisi
346 2396 624 2445 conclusurum,
651 2396 775 2445 quod
800 2401 953 2445 vocant,
995 2396 1046 2434 ad
1068 2396 1287 2435 adverbium
1327 2397 1453 2445 „tum“
1492 2393 1612 2446 ne'qne
1650 2395 1773 2434 aliud
1783 2370 1984 2446 ειιιιᾱιίιιιιιι
2022 2394 2171 2433 indicat
2199 2394 2271 2433 nisi

158 2453 316 2499 tempus,
338 2458 429 2497 qno
460 2456 520 2486 res
552 2449 699 2496 geritur.
753 2448 794 2486 Si
825 2449 907 2498 quis
941 2448 1137 2495 contendit,
1177 2460 1252 2485 rem
1285 2449 1464 2496 aliquam
1476 2453 1619 2497 gestam
1651 2458 1734 2486 esse
1759 2448 1934 2487 causa'm
1943 2447 2040 2484 inlitis
2054 2446 2271 2507 cuiuspiam

158 2500 259 2550 facti,
293 2501 346 2539 ita
365 2505 413 2538 ut
437 2500 544 2550 inter
557 2499 651 2538 haec
677 2499 779 2538 facta
808 2507 893 2538 ιιοιι
902 2500 1150 2561 temporalem
1178 2500 1293 2538 solnm
1324 2498 1393 2539 sed
1420 2500 1606 2539 causalem
1633 2500 1743 2538 etiam
1770 2496 2063 2538 consecutionem
2090 2498 2269 2536 exsistere

158 2558 312 2602 putet„
315 2553 440 2601 ‚cum“
456 2556 548 2590 'cum
573 2552 684 2590 modo
710 2549 925 2602 subjective,
955 2557 996 2590 ut
1019 2553 1073 2589 ita
1099 2552 1229 2600 dicam,
1256 2552 1295 2590 id
1321 2557 1378 2591 est
1403 2552 1484 2590 cum
1512 2552 1743 2601 conjunctivo
1767 2551 1995 2621 construitur.
2019 2549 2268 2598 Quamquam

282 2675 308 2715 8)
329 2675 365 2707 Ιιι
386 2675 566 2714 praesentia
592 2669 650 2705 hic
670 2662 746 2705 mihi
767 2667 855 2707 locus
877 2662 909 2706 in
931 2662 1074 2706 manibus
1103 2679 1162 2706 est:
1194 2675 1272 2707 Xen
1293 2670 1392 2706 Anah.
1416 2675 1440 2714 1,
1462 2677 1564 2714 3,14.
1609 2698 1658 2706 ...
1686 2667 1840 2713 πέμψαι
1872 2663 1914 2700 δὲ
1943 2662 2005 2700 καὶ
2037 2664 2273 2725 προκαταλη·

160 2721 380 2779 ψομένους
377 2730 423 2757 τα
450 2715 498 2755 ἄκ
524 2730 560 2762 α,
594 2713 694 2759 ὅπως
716 2716 771 2775 μή
798 2717 980 2765 φθάνουσι
1000 2717 1097 2783 μήτε
1124 2716 1242 2767 Κῦρος
1266 2715 1359 2768 μήτε
1378 2717 1431 2782 off
1454 2716 1601 2760 Κίλικες
1625 2715 1908 2771 καταλαβόντες,
1937 2712 1989 2751 ὧν
2015 2714 2180 2758 πολλοὺς
2206 2713 2274 2752 καὶ

157 2768 282 2807 πολλοὶ
306 2780 355 2817 χρ
367 2767 499 2816 Ἤματα
548 2780 640 2815 ομεν
667 2765 933 2818 α’νῇρπακότες.

122 2817 126 2822 “
281 2818 307 2858 ⁹)
331 2819 376 2851 C.
399 2819 526 2852 Schultz
548 2818 567 2859 ᾖ
588 2820 666 2857 365·
687 2818 830 2859 Krueger
852 2819 888 2861 ξς
911 2821 981 2858 624,
1005 2820 1044 2849 62
1046 2822 1073 2858 5,
1097 2820 1171 2857 6263
1193 2818 1317 2857 Madvig
1339 2817 1375 2858 ἐξ
1396 2819 1467 2857 358,
1489 2819 1564 2856 359;
1586 2818 1683 2857 Kritz,
1707 2818 1825 2856 Berger
1847 2815 1883 2857 ἓξ
1907 2817 2067 2857 147,148.
2122 2835 2124 2839 -
