2485 3028
325 282 484 320 Nomina
510 281 742 319 substantiva
767 292 836 329 pro
861 280 1065 329 participiis
1090 280 1213 329 posita
1229 279 1434 317 invenimus
1452 280 1553 328 apud
1571 280 1770 320 Caesarem
1798 282 1907 320 haec:
1949 284 2087 331 consul,
2116 286 2320 335 praecipue

200 333 250 371 ad
276 331 691 383 tempusindicandum.
717 342 797 381 ,quo
824 330 1042 391 aliquidiit,
1070 335 1209 378 auctor,
1236 330 1324 378 dux,
1351 329 1585 380 deprecator:

324 385 359 423 b.
393 397 430 434 g.
462 383 493 432 I,
526 384 590 433 40,
631 383 667 431 2,
708 393 817 432 quem
849 381 971 421 locum
1000 393 1079 432 Jam
1118 393 1230 432 supra
1266 378 1530 430 laudavimus'3'
1557 381 1605 420 b.
1644 394 1675 421 c.
1709 383 1840 434 1,--3‘2,
1882 385 1995 424 2....
2036 385 2116 435 ipso
2162 389 2318 427 consule

200 436 389 486 Pompejo.
444 436 502 475 Of.
529 436 565 473 b.
592 447 629 484 g.
656 436 686 483 1,
714 435 751 483 2,
782 437 823 482 13
864 435 893 483 1,
922 435 959 482 6,
987 435 1029 482 33
1071 435 1135 482 35,
1161 435 1204 482 43
1243 434 1305 482 IV,
1337 435 1370 481 l,
1403 435 1441 481 13
1482 434 1524 482 V,
1556 435 1589 482 1,
1621 436 1655 472 1.

322 499 368 547 V,
404 499 467 546 28,
503 499 538 535 7.
681 501 869 546 postremo
910 496 996 545 quid
1036 508 1119 534 esse
1150 496 1267 534 levius
1299 500 1364 533 aut
1394 496 1534 544 turpius
1566 508 1675 544 quam
1710 503 1894 538 auctore
1927 500 2061 538 hoste
2088 500 2134 538 de
2161 503 2316 540 summis

199 549 308 587 rebus
335 559 471 599 capere
499 548 702 587 consilium.

320 601 356 640 b.
384 613 417 640 c.
444 601 492 649 11,
521 600 583 649 29,
611 600 647 639 2.
700 611 785 639 uno
813 604 1010 638 auctore.
1064 598 1121 637 Cf.
1148 598 1183 637 b.
1211 610 1243 637 c.
1270 599 1298 647 I,
1327 598 1389 646 26,
1414 599 1456 647 23
1495 598 1529 636 b.
1555 610 1591 647 g.
1620 599 1663 647 V,
1692 600 1753 649 25,
1781 602 1817 640 3.

321 653 355 690 b.
383 665 420 701 g.
448 653 495 700 II,
525 653 587 700 23,
616 652 641 689 4
786 651 900 689 duce
927 650 1232 699 Boduognato.
1286 650 1342 688 Cf.
1371 651 1436 698 ΙΙΙ,
1465 651 1526 699 21,
1554 651 1596 697 43
1638 652 1699 699 VI,
1726 653 1790 699 40,
1816 654 1859 701 33
1900 655 1980 703 VII,
2008 656 2069 703 67,
2099 656 2132 692 7.

321 704 356 741 b.
384 715 421 752 g.
449 704 478 747 1,
506 704 543 751 9,
578 704 614 741 2.
670 731 679 739 .
697 731 706 740 .
723 730 732 739 .
765 703 911 751 legatos
943 702 993 739 ad
1024 702 1285 750 Dumnorigem
1319 702 1486 739 Aeduum
1517 702 1662 739 mittunt
1687 703 1893 754 (Helvetii),
1933 710 1974 743 ut
2012 718 2060 745 eo
2093 706 2310 755 depreca-

196 758 292 793 tore
319 766 344 793 a
369 755 554 804 Sequanis
580 755 829 804 impetrarent.

317 807 542 844 Pronomina
574 807 653 845 sive
684 807 896 855 personalia
927 806 1006 842 sive
1043 805 1332 842 demonstrativa
1362 805 1440 842 sive
1477 805 1653 842 reflexiva
1682 806 1761 843 sive
1802 808 1957 846 relativa
1996 821 2062 858 pro
2101 810 2307 849 nominibus

195 856 435 896 substantivis
467 857 623 907 subJecti
655 858 739 896 loco
778 868 893 906 saepe
930 867 1131 905 usurpasse
1168 856 1379 904 Caesarem,
1413 855 1491 905 jam
1525 867 1571 894 ex
1601 856 1656 904 iis,
1689 868 1785 905 quae
1817 857 1940 897 adhuc
1971 861 2086 908 attuli,
2125 861 2307 910 exemplis

195 912 751 1008 eognoiffogdguiiioegrammatici
784 958 880 996 hanc
913 969 989 996 rem
1023 958 1076 995 ita
1107 957 1366 1007 explicandam
1399 969 1481 996 esse
1512 962 1652 1007 putant,
1691 962 1731 996 ut
1762 958 1898 1008 dicant,
1940 972 2022 999 esse
2054 961 2302 1011 supplendam

190 1010 346 1049 formam
377 1012 562 1061 participii
595 1011 742 1059 ‚,ente“,
783 1021 879 1058 quae
920 1009 1039 1047 forma
1070 1010 1107 1047 in
1139 1010 1265 1058 lingua
1297 1010 1414 1047 latina
1444 1021 1516 1047 non
1547 1014 1678 1047 exstet.
1746 1010 1853 1055 Quod
1893 1011 1923 1049 si
1964 1012 2151 1062 discipulis
2193 1025 2301 1063 prae-

190 1062 341 1111 cipiunt,
370 1063 533 1102 habeant
560 1063 638 1110 sibi,
666 1073 888 1111 quamquam
917 1062 1025 1099 etiam
1054 1061 1089 1099 in
1116 1061 1173 1099 his
1201 1061 1308 1099 rebus
1334 1060 1424 1099 illud
1451 1061 1707 1101 Horatianum:

743 1122 851 1173 „Quo
879 1124 994 1162 semel
1021 1128 1077 1162 est
1102 1123 1240 1161 imbuta
1266 1135 1395 1161 recens
1422 1123 1581 1162 servabit
1606 1123 1754 1162 odorem

742 1176 858 1214 Testa
884 1175 983 1213 diu“.

188 1227 457 1266 observandum
486 1239 568 1266 esse
622 1231 695 1265 uto.
741 1228 791 1265 At
816 1226 1050 1266 manifestum
1078 1231 1145 1275 est,
1174 1238 1246 1264 non
1266 1227 1381 1265 solum
1402 1227 1438 1264 in
1462 1227 1632 1265 ablativis
1660 1227 1736 1265 abs.
1765 1227 1952 1277 adjectiva
1978 1233 2042 1267 aut
2069 1230 2298 1270 substantiva

187 1279 393 1328 praedicati
419 1279 560 1317 vicibus
602 1280 689 1327 ungi
720 1291 843 1328 posse.
902 1279 953 1316 Ut
985 1278 1056 1316 dici
1088 1284 1227 1327 potest:
1281 1290 1350 1326 ego
1383 1279 1509 1316 consul
1541 1279 1611 1316 hoc
1643 1278 1724 1326 feci,
1759 1280 1812 1316 ita
1838 1291 1947 1318 casus
1973 1285 2105 1329 rectus,
2149 1294 2231 1319 cum
2259 1284 2300 1320 id

187 1331 406 1370 constructio
438 1331 613 1380 postulat,
648 1342 757 1369 casus
791 1334 918 1369 sextus
951 1329 1030 1368 fieri
1063 1334 1184 1380 potest
1217 1351 1268 1357 —
1300 1341 1358 1368 me
1390 1330 1550 1368 consule.
1589 1351 1634 1357 -
1668 1330 1725 1368 Ea
1756 1331 1938 1369 sententia
1974 1333 2296 1380 grammaticorum

183 1383 270 1420 inde
297 1387 426 1419 exorta
453 1387 521 1429 est,
550 1382 648 1429 quod
674 1386 907 1430 putaverunt,
936 1382 1118 1419 ablativos
1149 1382 1337 1419 absolutos
1370 1393 1452 1419 esse
1485 1382 1648 1429 protasin
1680 1386 1717 1419 et
1748 1383 1897 1419 verbum
1930 1383 2067 1420 finitum
2095 1385 2297 1433 apodosin3

185 1433 252 1471 sed
281 1437 367 1470 sunt
393 1433 544 1470 ablativi
572 1433 730 1470 absoluti
761 1433 926 1470 membra
962 1436 1041 1469 arte
1079 1432 1316 1469 cohaerentia
1352 1442 1432 1469 cum
1471 1432 1670 1479 enuntiato,
1711 1432 1747 1469 in
1786 1443 1857 1481 quo
1884 1433 2111 1471 exhibentur.
2165 1435 2298 1483 Neque

183 1484 366 1522 sententia
393 1495 478 1521 mea
503 1483 655 1521 refutari
682 1487 814 1532 potest,
849 1483 947 1531 quod
975 1483 1204 1531 confirmant,
1238 1484 1418 1520 ablativos
1450 1484 1637 1521 absolutos
1669 1484 1775 1521 salva
1807 1485 1989 1522 sententia
2021 1486 2134 1522 omitti
2168 1499 2293 1534 posse.

182 1535 299 1573 Salva
326 1534 607 1583 constructione,
637 1534 812 1583 concedo,
841 1534 908 1572 sed
933 1546 1007 1573 non
1034 1546 1145 1573 sensu
1171 1535 1312 1583 integro
1340 1539 1448 1582 atque
1475 1535 1663 1572 concinno.
1716 1535 1776 1583 At,
1809 1546 1959 1584 quaeso,
1994 1547 2115 1575 nonne
2142 1537 2294 1576 ablativi

182 1588 372 1635 temporis,
406 1587 516 1631 modi,
533 1587 776 1633 *limitationis
808 1598 953 1634 quoque
985 1587 1092 1624 salva
1124 1587 1390 1624 constructione
1427 1587 1541 1624 omitti
1574 1586 1753 1635 possunt?
1805 1587 1882 1624 Sed
1914 1592 1951 1624 et
1989 1588 2027 1625 hi
2065 1593 2103 1625 et
2141 1589 2296 1627 ablativi

181 1638 340 1676 absoluti
367 1638 413 1676 ab
442 1642 592 1676 auctore
618 1637 803 1676 adduntur
829 1636 879 1675 ad
905 1641 1061 1687 tempus,
1089 1649 1162 1686 quo
1189 1637 1326 1685 aliquid
1353 1637 1403 1685 fit,
1432 1637 1480 1674 ad
1508 1637 1666 1686 modum,
1694 1637 1743 1676 ad
1770 1638 1845 1676 alia
1870 1638 2080 1677 indicanda.

305 1700 364 1737 Ex
390 1699 523 1738 eadem
555 1700 727 1749 opinione
758 1700 1078 1748 grammaticorum
1112 1700 1205 1737 haec
1238 1710 1380 1747 quoque
1418 1700 1546 1747 regula
1579 1699 1744 1748 profecta
1775 1705 1846 1738 est:
1894 1700 2075 1739 ablativos
2103 1701 2295 1740 absolutos

179 1763 360 1801 usurpare
387 1763 462 1789 non
488 1751 586 1800 licet,
620 1751 690 1789 nisi
724 1750 877 1801 subjecti
910 1751 1152 1789 ablativorum
1180 1751 1293 1789 absol.
1326 1752 1362 1788 in
1395 1751 1524 1789 eodem
1552 1751 1751 1800 enuntiato,
1785 1751 1889 1801 cujus
1921 1757 2006 1790 sunt
2032 1752 2183 1791 ablativi
2210 1754 2291 1792 abs.

179 1805 392 1850 membrum,
420 1804 524 1841 nulla
551 1804 692 1841 ratione
719 1804 854 1841 mentio
881 1803 932 1850 fit,
960 1804 1029 1841 nisi
1055 1804 1159 1840 nulla
1185 1804 1277 1840 inter
1301 1804 1464 1851 protasin
1493 1808 1529 1840 et
1555 1803 1734 1851 apodosin
1761 1804 1889 1840 relatio
1917 1804 2118 1842 intercedit.
2168 1806 2291 1842 Etiam

180 1855 289 1892 istam
322 1854 490 1902 regulam
531 1853 679 1892 minime
711 1853 980 1891 commentariis
1014 1853 1186 1891 Caesaris
1219 1853 1456 1902 comprobari,
1485 1853 1565 1903 jam
1600 1865 1695 1891 nunc
1727 1853 1977 1892 demonstrare
2017 1854 2290 1903 aggrediamur.

303 1916 417 1953 Immo
445 1915 650 1964 subjectum
678 1915 919 1953 ablativorum
947 1915 1025 1953 abs.
1055 1915 1245 1953 exhibetur
1271 1927 1359 1953 casu
1386 1916 1465 1964 ipso
1493 1920 1591 1954 recto
1618 1916 1655 1953 in
1682 1915 1809 1954 eodem
1839 1916 2037 1954 enuntiato.

300 1977 337 2014 b.
364 1988 396 2014 c.
430 1977 494 2024 III,
534 1978 567 2024 1,
604 1978 639 2014 l.
692 1977 883 2015 Dictatore
916 1977 1074 2015 habente
1107 1977 1252 2014 comitia
1283 1977 1476 2015 Caesare
1509 1978 1679 2016 consules
1712 1982 1881 2016 creantur
1905 1977 2024 2016 Julius
2051 1978 2222 2016 Caesar
2255 1983 2298 2016 et

178 2028 220 2064 P·
248 2027 509 2127 sefflgtisffil,
540 2079 601 2127 76,
629 2079 666 2116 3.
720 2077 870 2116 Coactis
897 2079 1057 2127 equitum
1085 2078 1172 2116 VIII
1198 2078 1339 2116 milibus
1366 2083 1402 2116 et
1428 2078 1589 2128 peditum
1618 2079 1759 2117 circiter
1773 2079 1866 2118 CCL
1892 2079 2002 2119 haec
2028 2081 2064 2118 in
2079 2079 2292 2118 Aeduorum

179 2129 311 2167 finibus
338 2131 634 2168 recensebantur.

300 2180 335 2216 b.
363 2191 399 2228 g.
427 2181 474 2228 II,
509 2181 570 2229 22,
609 2182 640 2217 1.
694 2181 877 2218 Instructo
909 2181 1073 2218 exercitu
1225 2192 1306 2218 cum
1339 2180 1532 2220 diversis
1565 2182 1820 2229 legionibus
1853 2182 1973 2219 aliae
2005 2181 2081 2220 alia
2113 2182 2149 2218 in
2183 2185 2294 2230 parte

176 2235 488 2331 1·ίῆΒιιιῐίῢΙξίὲῑιξζὸὠξ)ἓ3
521 2283 722 2331 subjeetum
762 2283 1006 2320 ablativomm
1047 2283 1125 2320 abs,
1165 2284 1309 2321 casibus
1340 2284 1496 2331 obliquis
1528 2284 1750 2332 pronominis
1783 2283 2060 2322 demonstrativi
2099 2285 2291 2332 repetitur,

175 2332 359 2372 interdum
386 2333 571 2372 adverbiis
597 2333 906 2373 demonstrativis.

301 2385 337 2423 b.
364 2397 401 2433 g.
428 2387 457 2433 I,
488 2387 548 2433 16,
576 2386 611 2423 5.
665 2386 738 2424 Ubi
763 2398 804 2424 se
831 2386 967 2424 diutius
994 2385 1078 2423 duci
1104 2382 1282 2423 intellexit
1307 2386 1481 2436 (Caesar)
1513 2391 1550 2424 et
1575 2386 1672 2425 diem
1698 2387 1846 2435 instare,
1879 2398 1950 2435 quo
1977 2386 2038 2424 die
2064 2386 2289 2424 frumentum

174 2436 347 2475 militibus
374 2437 502 2475 meteri
529 2441 725 2486 oporteret,
754 2437 1018 2476 convocatis
1054 2448 1177 2475 eorum
1204 2438 1499 2488 principibus,
1534 2450 1685 2487 quorum
1718 2449 1891 2488 magnam
1920 2438 2064 2488 copiam
2091 2437 2129 2475 in
2155 2438 2291 2477 castris

174 2488 347 2537 habebat,
374 2489 413 2526 in
440 2489 498 2526 his
524 2490 706 2527 Divitiaco
733 2494 771 2527 et
797 2490 917 2537 Lisco,
946 2490 1007 2537 qui
1035 2500 1176 2526 summo
1202 2491 1430 2537 magistratui
1456 2494 1638 2539 praeerat,
1670 2501 1777 2537 quem
1804 2490 2068 2538 Vergobretum
2094 2490 2288 2538 appellant

174 2539 306 2589 Aedui,
337 2539 400 2589 qui
433 2544 579 2578 creatur
610 2551 753 2579 annuus
784 2545 822 2579 et
853 2541 953 2579 vitae
978 2540 1153 2589 necisque
1179 2540 1215 2578 in
1241 2552 1327 2580 suos
1358 2540 1469 2580 babet
1495 2545 1726 2591 potestatem,
1754 2541 1915 2590 graviter
1941 2551 2015 2579 eos
2042 2544 2204 2580 accusat.
2234 2563 2283 2568 —

175 2592 418 2630 Grammatici
458 2604 551 2630 sane
591 2592 725 2640 dicunt,
772 2598 924 2642 propter
961 2592 1069 2641 hujus
1108 2592 1247 2641 periodi
1286 2594 1561 2642 amplitudinem
1601 2594 1796 2632 evanuisse
1836 2605 1857 2631 e
1897 2591 2070 2631 Caesaris
2109 2593 2287 2631 memoria

174 2644 481 2682 constructionem
516 2648 553 2682 et
584 2643 782 2683 Caesarem
815 2644 885 2683 hoc
922 2644 1005 2683 loco
1045 2641 1319 2692 ἀνακόλουθον,
1356 2645 1455 2694 quod
1486 2645 1621 2695 dicunt,
1654 2656 1864 2695 usurpasse.
1918 2644 1966 2682 At
1996 2643 2177 2693 quomodo
2216 2644 2292 2684 hos

172 2696 276 2733 locos
302 2696 507 2745 explanare
534 2696 729 2744 poterunt‘s>

297 2746 332 2785 b.
365 2759 401 2796 g.
433 2748 463 2795 1,
494 2747 559 2795 40,
596 2749 630 2784 1.
688 2747 793 2786 Haec
829 2759 912 2786 cum
951 2747 1270 2787 animadvertisset
1307 2748 1498 2799 (Caesar),
1539 2753 1783 2788 convocato
1823 2747 2011 2786 consilio
2051 2747 2290 2797 omniumque

173 2797 337 2835 ordinum
364 2798 414 2836 ad
440 2798 479 2836 id
508 2799 698 2837 consilium
719 2799 942 2839 ¹adhibitis
969 2800 1303 2838 centurionibus
1329 2800 1566 2838 vehementer
1591 2812 1667 2839 eos
1693 2801 1848 2838 incusat.
