2485 3028
1179 208 1186 210 λ
1234 155 1259 193 4

1200 207 1228 212 w.
1238 206 1372 213 «wsszevff-

186 298 349 348 genitivo
368 298 592 347 pronominis
619 299 714 346 „is“.
767 300 893 336 Paene
919 299 1103 347 hocloco,
1131 311 1226 348 quae
1244 300 1446 338 Eichnerus
1458 299 1484 348 ¹)
1506 299 1664 348 protulit,
1693 299 1903 346 praesertim
1923 310 2017 346 cum,
2044 300 2105 347 qui
2123 302 2301 349 proximis

186 350 412 399 temporibus
437 350 717 398 grammaticam
745 350 895 387 latinam
924 351 1228 400 conscripserunt,
1256 351 1418 387 maxima
1436 361 1484 388 ex
1502 355 1609 400 parte
1626 362 1708 389 cum
1726 361 1770 388 eo
1789 350 2030 398 consentiant,
2058 362 2106 388 ea
2132 344 2302 402 la'udavi,

187 401 255 439 sed
287 412 335 439 ne
365 406 511 449 tempus
543 412 638 438 neve
671 400 780 449 hujus
813 403 1095 449 programmatis
1128 403 1285 451 spatium
1319 413 1531 439 consumam
1564 406 1675 449 atque
1707 406 1903 449 conteram,
1944 401 1983 438 id
2013 402 2138 440 facere
2170 414 2300 452 super·

188 452 313 491 sedeo.
346 474 397 480 ——
430 451 487 490 Cf.
515 452 790 490 Jahresbericht
816 451 883 490 des
910 452 1059 501 Konigl.
1087 453 1199 491 Kath.
1228 453 1488 502 Gymnasiums
1516 464 1560 490 zu
1586 452 1885 501 Gross-Glogau,
1916 452 2016 490 1860
2042 457 2079 490 et
2107 453 2217 492 1869.
2246 476 2299 483 —

186 504 397 542 Jahresber.
428 502 539 551 1860,
569 515 655 553 pag.
687 504 720 540 l.

311 565 544 613 Quamquam
572 577 618 602 ea
645 566 774 613 regula
800 570 911 613 atque
938 567 998 603 lex
1026 567 1239 614 plerumque
1266 566 1475 613 aansare‚
1503 578 1577 614 qua
1603 566 1911 603 erat-urbanitate
1938 571 2048 613 atque
2075 566 2297 616 eloquentia,

188 620 339 655 servata
365 615 471 667 est2),
511 616 741 667 reperiuntur
772 620 897 655 tamen
929 616 1029 654 haud
1061 628 1144 655 raro
1178 618 1259 666 loci,
1298 616 1427 666 quibus
1459 627 1505 655 ea
1538 617 1665 666 regula
1697 617 1808 667 plane
1834 617 2004 667 neglecta
2029 615 2174 656 videtur
2200 629 2297 669 esse,

188 681 281 719 quos
307 670 410 708 locos
436 670 644 707 accuratius
670 669 854 718 latiusque
876 669 955 719 jam
980 675 1250 719 perscrutemur
1276 674 1385 718 atque
1411 680 1679 708 recenseamus.

310 730 502 780 Ejusmodi
535 731 607 768 loci
637 731 675 767 in
707 730 782 767 duo
813 742 953 779 genera
978 736 1063 768 sunt
1088 731 1286 778 dividendi,
1325 741 1478 778 quorum
1509 735 1566 768 est
1591 731 1756 777 alterum,
1796 731 1858 767 ubi
1879 731 2093 779 pronomine
2118 731 2297 771 reflexivo

188 781 329 821 Caesar
355 782 477 830 utitur,
505 794 728 831 quamquam
757 795 825 821 nos
852 795 1053 831 pronomen
1081 782 1403 821 demonstrativum
1431 787 1699 832 exspectamus,
1726 782 1891 830 alterum,
1919 781 1979 820 ubi
2008 786 2136 820 contra
2155 783 2299 823 Caesar

188 834 404 882 pronomine
420 834 711 872 demonstrativo
724 835 845 881 utitur,
861 846 1081 881 quamquam
1096 836 1210 882 leges,
1225 846 1317 882 quas
1331 846 1443 882 supra
1460 835 1705 883 exposuimus,
1720 845 1920 882 pronomen
1934 833 2147 871 reflexivum
2172 841 2298 882 postu—

186 886 276 922 lant.
330 886 458 933 Neque
485 885 615 933 negari
641 889 774 933 potest,
815 886 929 933 leges,
970 897 1064 932 quas
1096 897 1209 934 supra
1235 885 1505 933 descripsimus,
1546 896 1627 922 esse
1659 885 1823 931 artiores,
1864 895 1973 931 quam
2001 896 2093 932 quas
2121 896 2145 921 a
2172 886 2298 925 latinis

188 937 424 985 scriptoribus
443 941 480 973 et
507 947 656 984 aureae,
685 948 795 984 quam
814 936 949 982 dicunt,
978 937 1111 974 aetatis
1139 936 1282 984 quidem
1309 948 1455 985 semper
1479 937 1694 984 observatas
1710 936 1956 982 inveniamus3
1984 936 2181 973 immovero
2210 942 2296 976 sunt

187 999 212 1024 a
237 988 487 1035 grammaticis
513 992 663 1025 nostrae
690 988 824 1025 aetatis
850 988 1062 1036 ampliatae.
1105 1009 1155 1014 —
1195 987 1250 1025 Cf.
1279 988 1418 1032 Haase,
1445 988 1539 1025 Note
1565 987 1659 1034 3843
1689 987 1731 1024 F.
1758 986 1918 1034 Schultz,
1947 988 1970 1033 ξ
1995 987 2084 1034 317,
2118 989 2226 1025 Anm.
2259 991 2292 1026 1.

188 1038 293 1076 Conf.
321 1038 484 1086 Madvig,
511 1040 535 1085 ξ
559 1039 649 1086 481,
677 1039 784 1075 Anm.
815 1039 848 1074 1.

311 1090 367 1128 Ac
398 1089 554 1139 primum
587 1088 735 1138 quidem
762 1093 819 1127 est
844 1088 1078 1137 monendum,
1112 1100 1185 1127 nou
1212 1089 1420 1128 necessario
1447 1089 1662 1139 subjectum,
1705 1088 1754 1126 ad
1785 1087 1882 1137 quod
1914 1093 2056 1138 spectet
2093 1100 2299 1138 pronomen

186 1141 417 1188 reflexivum,
446 1152 529 1179 esse
557 1141 691 1179 debere
719 1141 923 1189 subjectum
951 1142 1240 1189 grammaticum,
1273 1141 1339 1179 sed
1366 1142 1475 1178 etiam
1501 1141 1703 1189 subjectum
1730 1141 1886 1188 logicum
1914 1151 1996 1178 esse
2023 1152 2144 1188 posse.
2199 1142 2298 1179 Nota

187 1197 272 1230 sunt
298 1191 477 1241 ejusmodi
506 1193 711 1230 enuntiata:

308 1243 384 1282 Cic.
413 1243 460 1281 de
487 1243 549 1281 fin.
577 1244 620 1292 V,
652 1244 698 1281 13
726 1246 749 1290 ξ
776 1244 839 1281 37.
893 1242 961 1281 0111
988 1244 1178 1293 proposita
1204 1243 1251 1281 sit
1277 1243 1505 1281 conservatio
1533 1243 1601 1292 sui,
1629 1254 1781 1281 necesse
1808 1247 1863 1280 est
1890 1242 1973 1280 huic
1999 1246 2123 1292 partes
2150 1254 2297 1291 quoque

185 1307 242 1333 su1
270 1307 377 1333 caras
404 1307 499 1333 esse.

310 1346 385 1384 Cic.
419 1346 466 1383 de
498 1350 636 1383 senect.
671 1346 707 1393 6,
751 1346 810 1383 19.
870 1346 964 1383 Num
999 1346 1125 1393 igitur,
1166 1346 1195 1382 si
1235 1345 1283 1382 ad
1316 1346 1550 1383 centesimum
1589 1356 1739 1384 annum,
1763 1345 1924 1392 vixisset,
1966 1346 2162 1383 senectutis
2204 1358 2297 1383 suae

186 1408 269 1434 eum
296 1396 525 1446 poeniteret?

313 1540 336 1579 ¹)
358 1539 546 1570 Eichnerum
578 1539 714 1570 maxima
744 1547 785 1569 ex
816 1542 904 1578 parte
937 1542 969 1570 et
994 1538 1026 1569 in
1058 1538 1107 1570 his
1134 1542 1165 1569 et
1197 1538 1229 1569 in
1256 1538 1375 1578 ceteris,
1407 1547 1487 1579 quae
1519 1537 1693 1578 protulerit,
1726 1537 1808 1569 viros
1834 1537 2056 1570 illustrissimos
2083 1537 2235 1569 Haasium
2264 1542 2296 1569 et

184 1581 391 1618 Kruegerum,
413 1585 552 1610 secutum
574 1589 651 1618 esse,
673 1585 705 1610 te
726 1589 788 1609 non
809 1579 946 1617 effugiet.

308 1629 334 1668 ²)
356 1630 427 1661 Non
454 1630 554 1670 piguit
580 1640 629 1661 me
657 1638 849 1669 enumerare,
883 1629 1005 1669 quoties
1031 1630 1146 1661 Caesar
1172 1630 1252 1660 libro
1276 1630 1375 1668 primo
1400 1629 1475 1660 belli
1496 1629 1600 1669 gallici
1621 1628 1800 1668 pronomine
1821 1627 1968 1659 reflexivo
1988 1637 2063 1659 usus
2087 1627 2137 1667 sit,
2170 1637 2240 1659 cum
2262 1627 2295 1659 id

184 1671 303 1703 referat
323 1671 363 1703 ad
384 1672 557 1712 subjectum
580 1671 717 1712 ejusdem
739 1670 903 1712 enuntiati,
925 1671 1045 1711 quoties
1066 1670 1144 1702 illud
1165 1674 1283 1711 spectet
1303 1670 1342 1703 ad
1362 1670 1533 1711 subjectum
1554 1669 1706 1702 enuntiati
1725 1669 1873 1710 primarii.
1917 1669 1977 1701 Hic
1997 1668 2097 1701 habes
2119 1678 2292 1701 numerum.

184 1713 288 1744 Priori
308 1713 400 1744 modo
423 1723 460 1744 eo
482 1724 555 1744 usus
577 1718 624 1744 est
645 1714 761 1744 centies
783 1713 877 1744 vicies
898 1717 956 1751 ter,
978 1714 1076 1743 altero
1097 1713 1215 1743 centies
1229 1713 1413 1751 quadragies
1427 1712 1538 1743 sexies.
1580 1712 1690 1750 Neque
1704 1711 1805 1742 minus
1818 1720 1911 1750 saepe
1924 1710 2123 1741 inveniuntur
2140 1712 2295 1749 exempla,

184 1754 217 1784 in
239 1753 352 1793 quibus
375 1753 414 1784 ad
435 1754 574 1792 regulam
596 1754 690 1793 illam,
722 1763 815 1792 quam
837 1762 932 1792 supra
952 1753 1159 1793 exposuimus,
1192 1758 1275 1784 recte
1296 1753 1429 1792 positum
1450 1757 1497 1784 est
1517 1761 1687 1792 pronomen
1708 1751 1977 1783 demonstrativum
2000 1751 2079 1790 ,‚is“,
2120 1760 2159 1781 ex
2181 1751 2295 1790 quibus

184 1795 264 1826 haec
285 1794 497 1826 tantummodo
519 1803 559 1825 ex
580 1794 660 1825 libro
682 1794 780 1834 primo
802 1794 833 1827 b.
854 1804 885 1833 g.
908 1794 1072 1833 proferam.

306 1836 330 1874 1,
352 1839 381 1867 5.
427 1859 434 1866 .
448 1859 455 1866 .
468 1858 476 1866 .
498 1840 569 1875 post
595 1836 677 1875 ejus
698 1835 913 1874 (Orgetorigis)
934 1839 1061 1866 mortem
1082 1834 1179 1866 nihilo
1199 1835 1299 1866 minus
1318 1834 1453 1865 Helvetii
1472 1834 1514 1871 id,
1535 1834 1618 1873 quod
1638 1833 1873 1872 constituerant,
1897 1833 2000 1864 facere
2015 1837 2173 1872 conantur,
2197 1837 2249 1863 ut.
2264 1856 2272 1865 .
2285 1856 2295 1864 .

309 1877 334 1916 1,
357 1878 385 1908 7.
429 1900 436 1907 .
450 1900 457 1907 .
471 1900 478 1907 .
501 1886 612 1916 rogare
634 1876 828 1916 (Helvetios),
851 1881 885 1907 ut
906 1877 988 1915 ejus
1012 1876 1180 1915 (Caesaris)
1201 1876 1358 1907 voluntate
1379 1875 1411 1906 id
1432 1875 1492 1907 sibi
1511 1875 1615 1906 facere
1635 1875 1737 1906 liceat.

307 1918 331 1957 1,
356 1920 405 1951 12.
448 1918 517 1958 Qua
537 1918 570 1949 in
592 1927 627 1950 re
639 1918 755 1950 Caesar
775 1927 835 1949 non
860 1918 957 1949 solum
977 1918 1118 1957 publicas
1139 1917 1194 1950 sed
1216 1918 1308 1949 etiam
1324 1918 1461 1957 privatas
1474 1917 1603 1958 injurias
1617 1917 1700 1949 ultus
1714 1919 1771 1956 est,
1793 1915 1875 1956 quod
1896 1916 1983 1955 ejus
2002 1915 2102 1948 soceri
2123 1915 2158 1947 L.
2172 1915 2296 1947 Pisonis

184 1969 274 1991 avum
295 1959 437 1998 Tigurini
458 1959 690 1991 interfecerant.

308 2000 368 2031 Hic
389 2000 625 2039 animadvertas,
659 2009 785 2039 quaeso,
817 2000 850 2029 in
878 2000 1036 2031 enuntiato
1063 1999 1181 2031 causali
1206 1999 1296 2030 modo
1322 1999 1488 2030 indicativo
1514 1999 1679 2030 Caesarem
1704 2008 1793 2029 usum
1824 2006 1901 2037 esse,
1934 1997 2016 2037 quod
2037 2002 2145 2028 narrat
2165 2007 2227 2028 non
2249 1996 2296 2035 id,

187 2041 272 2081 quod
294 2041 360 2080 ipse
382 2041 507 2080 cogitat,
530 2041 585 2072 sed
607 2041 690 2080 quod
710 2041 827 2071 factum
849 2045 910 2078 est;
931 2051 992 2079 qua¹
1012 2050 1047 2071 re
1069 2041 1167 2071 utitur
1188 2041 1367 2079 pronomine
1389 2040 1638 2071 demonstrativo.

309 2082 333 2122 1,
358 2084 406 2116 13.
448 2083 479 2115 Is
504 2082 652 2123 (Divicus‚
684 2083 806 2122 legatus
832 2081 1057 2119 Helvetiorum)
1085 2082 1130 2114 ita
1156 2090 1224 2113 cum
1246 2082 1378 2114 Caesare
1404 2081 1482 2121 agit:
1514 2081 1547 2114 Si
1572 2089 1681 2121 pacem
1705 2080 1838 2120 populus
1858 2079 2017 2112 Romanus
2048 2089 2117 2112 cum
2139 2078 2295 2111 Helvetiis

185 2123 314 2163 faceret,
335 2124 367 2154 in
389 2133 457 2155 eam
478 2128 598 2163 partem
620 2124 718 2155 ituros
738 2128 833 2163 atque
855 2123 900 2154 1111
921 2123 1040 2155 futuros
1061 2123 1230 2162 Helvetios,
1252 2123 1305 2154 ubi
1326 2132 1389 2155 eos
1410 2123 1525 2155 Caesar
1545 2122 1755 2154 constituisset
1776 2144 1783 2152 .
1800 2144 1807 2151 .
1820 2144 1827 2152 .

308 2164 368 2195 Hic
389 2165 453 2196 suis
474 2165 578 2196 verbis
600 2165 725 2196 Divicus
747 2164 895 2204 loquitur,
923 2164 1120 2203 Helvetiique
1147 2164 1176 2194 ei
1197 2168 1276 2203 sunt,
1303 2168 1336 2195 ut
1357 2164 1401 2195 ita
1421 2163 1542 2203 dicam,¹
1556 2162 1650 2194 tertia
1669 2170 1804 2202 persona
1825 2162 1989 2201 alienaque
2011 2170 2081 2201 res;
2112 2161 2195 2192 infra
2216 2169 2295 2191 vero

184 2205 403 2246 reminiscitur,
435 2216 468 2238 se
490 2206 591 2246 ipsum
613 2215 681 2238 esse
701 2205 890 2246 Helvetium,
922 2215 979 2245 pro
1001 2205 1112 2245 quibus
1133 2205 1279 2246 loquitur,
1312 2209 1343 2237 et
1368 2205 1470 2246 pergit
1496 2214 1603 2237 eorum
1623 2203 1738 2236 verbis:
1771 2203 1816 2236 Se
1836 2203 2019 2243 (Helvetios)
2044 2203 2089 2235 ita
2109 2213 2130 2235 a
2149 2202 2294 2243 patribus

184 2247 417 2287 majoribusque
438 2248 503 2279 suis
525 2247 667 2279 didicisse
688 2270 698 2280 .
710 2270 717 2277 .
731 2271 738 2278 .
1318 2268 1323 2273 -

413 2297 506 2328 quam
527 2297 596 2319 eam
616 2297 681 2319 rem
703 2289 797 2319 etiam
818 2288 901 2319 infra
921 2288 1107 2319 luculentius
1128 2288 1276 2318 tractabo.

307 2330 362 2401 lfao
357 2332 405 2360 14.
449 2330 507 2361 His
541 2330 655 2360 Caesar
686 2329 859 2368 respondit:
893 2352 900 2360 .
914 2352 943 2360 ..
976 2330 1003 2360 si
1034 2328 1157 2360 obsides
1188 2329 1226 2359 ab
1258 2329 1305 2360 iis
1336 2328 1509 2368 (Helvetiis)
1541 2328 1615 2360 sibi
1645 2327 1792 2368 (Caesari)
1825 2328 1937 2360 dentur
2049 2336 2117 2359 sese
2150 2335 2220 2357 cum
2253 2325 2295 2356 iis

183 2378 291 2410 pacem
363 2374 476 2401 turum.
645 2372 647 2374 '
1295 2371 1298 2373 '

308 2411 333 2452 1,
359 2413 405 2443 16.
451 2436 458 2443 .
472 2436 479 2443 .
492 2435 500 2443 .
522 2411 657 2451 graviter
679 2411 818 2452 (Caesar)
841 2421 895 2444 eos
917 2410 1068 2452 (Aeduos)
1090 2416 1223 2451 accusat,
1246 2411 1327 2451 quod
1420 2411 1459 2443 ab
1479 2410 1518 2443 iis
1539 2419 1601 2443 non
1621 2409 1809 2451 sublevetur,
1831 2410 2013 2451 praesertim
2032 2418 2102 2442 cum
2117 2417 2229 2448 magna
2252 2416 2294 2439 ex

183 2457 273 2492 parte
295 2462 337 2484 eo
346 2463 426 2484 rum
448 2453 594 2492 precibus
616 2453 766 2484 adductus
788 2454 904 2484 bellum
926 2453 1107 2492 susceperit.

306 2494 331 2534 1,
357 2496 404 2526 19.
519 2493 603 2533 quod
624 2494 747 2526 obsides
773 2494 855 2525 inter
876 2503 940 2526 eos
961 2494 1055 2534 (inter
1075 2493 1233 2525 Helvetios
1260 2499 1291 2525 et
1312 2495 1482 2533 Sequanos)
1501 2493 1620 2525 dandos
1640 2496 1763 2525 curaret
1783 2492 1987 2534 (Dumnorix).
2029 2491 2203 2531 Intelliges,
2232 2490 2294 2521 hoe

182 2535 252 2566 loco
272 2545 335 2567 non
356 2535 590 2607 ponidpoguisise
612 2536 713 2574 „inter
734 2536 799 2575 se“‚
821 2535 904 2575 quod
925 2536 1012 2566 nulla
1033 2539 1081 2566 est
1101 2544 1151 2566 res
1173 2535 1204 2565 in
1226 2544 1262 2566 eo
1285 2535 1453 2574 enuntiato,
1476 2534 1515 2565 ad
1536 2544 1628 2574 quam
1647 2533 1757 2565 referri
1777 2538 1892 2573 potest;
1913 2534 2069 2565 enimvero
2091 2533 2193 2572 „inter
2215 2531 2293 2562 eos“

182 2585 245 2608 non
266 2580 387 2617 spectat
408 2586 427 2608 a
470 2585 488 2608 o
512 2576 538 2608 si
562 2585 605 2608 es.
1393 2580 1395 2582 '

308 2619 332 2657 I,
354 2619 404 2649 27.
449 2641 457 2649 .
471 2642 478 2649 .
491 2641 498 2648 .
522 2621 617 2657 atque
640 2619 731 2657 (cum)
753 2627 817 2650 eos
837 2618 1021 2658 (Helvetios)
1043 2627 1146 2649 suum
1168 2617 1330 2649 adventum
1352 2622 1532 2657 exspectare
1548 2617 1693 2657 jussisset
1712 2617 1850 2657 (Caesar)
1873 2640 1880 2647 .
1896 2641 1903 2648 .
1917 2641 1924 2648 .

297 2660 332 2731 lI,
354 2662 405 2690 31.
449 2682 457 2690 .
471 2682 499 2690 ..
522 2659 740 2698 petieruntque
769 2660 936 2699 (principes
958 2659 1139 2698 civitatum),
1163 2659 1207 2689 uti
1233 2659 1304 2689 sibi
1332 2663 1452 2690 secreto
1478 2658 1517 2689 de
1544 2668 1610 2690 6118
1631 2658 1827 2698 omniumque
1850 2659 1949 2689 salute
1972 2666 2040 2688 cum
2062 2665 2111 2687 eo
2134 2656 2292 2695 (Caesare)

223 2708 276 2732 ere
309 2700 415 2732 iceret.

182 2709 222 2741 ag
304 2743 330 2782 1,
351 2745 403 2774 34.
446 2742 479 2773 Si
501 2742 576 2781 quid
597 2742 657 2781 ipsi
679 2752 698 2773 a
720 2743 851 2774 Caesare
874 2752 952 2781 opus
973 2746 1066 2781 esset,
1089 2750 1171 2772 sese
1186 2742 1394 2781 (Ariovistum)
1416 2742 1455 2773 ad
1477 2752 1556 2773 eum
1569 2742 1758 2780 (Caesarem)
1780 2746 1941 2772 venturum
1963 2740 2067 2777 fuisse,
2090 2738 2116 2769 si
2139 2737 2214 2777 quid
2237 2738 2292 2768 ille

181 2782 321 2821 (Caesar)
347 2791 386 2812 se
408 2782 592 2821 (Ariovisto)
623 2783 706 2821 velit,
738 2783 824 2813 illum
846 2783 1037 2821 (Caesarem)
1064 2781 1103 2811 ad
1131 2790 1169 2811 se
1190 2782 1398 2821 (Ariovistum)
1424 2783 1528 2812 venire
1555 2786 1706 2821 oportere.
1750 2782 1844 2820 Cujus
1866 2780 1987 2819 generis
2009 2779 2150 2817 exempla
2172 2778 2292 2816 ubique

182 2821 264 2862 apud
286 2822 450 2855 Gaesarem
471 2822 604 2855 inveniri
625 2827 764 2863 possunt,
786 2827 821 2855 ut
842 2823 904 2855 alia
925 2822 1060 2863 plurima
1081 2821 1195 2854 addere
1216 2823 1343 2862 possim3
1365 2822 1420 2855 sed
1440 2823 1565 2862 longum
1587 2826 1642 2854 est.
